% $Header$
@manual{NETCDF-UM,
	title = {The {NetCDF} Users Guide},
	note = {NetCDF Version 3.6.1},
	month = {June},
	year = {2006}
}

@UNPUBLISHED{INVJOINT,
	author = {Pierangelo Masarati and Marco Morandini},
	title = {Intrinsic Deformable Joints},
	note = {To be published}
}

@article{GIMBAL-2008,
	author = {Pierangelo Masarati and Marco Morandini},
	title = {An Ideal Homokinetic Joint Formulation for General-Purpose Multibody Real-Time Simulation},
	journal = {Multibody System Dynamics},
	volume = {20},
	number = {3},
	month = {October},
	year = {2008},
	pages = {251--270},
	note = {doi:10.1007/s11044-008-9112-8}
}

@article{LUGRE-2002,
	author = {Pierre Dupont and Vincent Hayward and Brian Armstrong and Friedhelm Altpeter},
	title = {Single State Elasto-Plastic Friction Models},
	journal = {{IEEE} Transactions on Automatic Control},
	month = {June},
	year = {2002}
}

@article{NAIVE-2007,
	author = {Marco Morandini and Paolo Mantegazza},
	title = {Using dense storage to solve small sparse linear systems},
	journal = {ACM Trans. Math. Softw.},
	volume = {33},
	number = {1, Article 5},
	month = {March},
	year = {2007},
	note = {doi:10.1145/1206040.1206045}
}

@book{LEISHMAN-2006,
	author = {J. Gordon Leishman},
	title = {Principles of helicopter aerodynamics},
	edition = {2},
	publisher = {Cambridge University Press},
	year = {2006}
}

@misc{SCICOS,
	title = {{SCICOS}},
	note = {http://www.scilab.org/}
}

@misc{SIMULINK,
	title = {{Simulink}},
	note = {http://www.mathworks.com/}
}

@article{MASARATI-2009,
	title = {Direct Eigenanalysis of Constrained System Dynamics},
	author = {P. Masarati},
	journal = {Proc.\ IMech.\ E Part K: J.\ Multi-body Dynamics},
	year = {2009},
	volume = {223},
	number = {4},
	pages = {335--342},
	note = {doi:10.1243/14644193JMBD211}
}

