% $Header$
@STRING{
	JoIMSS = "{J. of Intell. Mat. Systems \& Structures}"
}

@STRING{
	CEAS = "{CEAS Intl. Forum on Aeroelasticity and Structural Dynamics}"
}

@STRING{
	ICAST = "{International Conference on Adaptive Structures and Technologies}"
}

@STRING{
	AHS = "{American Helicopter Society}"
}

@STRING{
	JAHS = "{Journal of the }" # AHS
}

@STRING{
	AIAAJ = "{AIAA Journal}"
}

@string{
	MUBO = {Multibody System Dynamics}
}

@string{
	JCND = {J.\ of Computational and Nonlinear Dynamics}
}

@ARTICLE{ANDRIGHETTONI98,
	author = "M. Andrighettoni and Paolo Mantegazza",
	year = 1998,
	title = "Multi-Input/Multi-Output Adaptive Active Flutter Suppression for a Wing Model",
	journal = "Journal of Aircraft",
	volume = "35",
	number = "35",
	pages = "462--469"
}

@ARTICLE{BATHE,
	year = 1979,
	title = "Large Displacement Analysis of Three-Dimensional Beams Structures",
	journal = "Int. Journal for Numerical Methods in Engineering",
	volume = "14",
	pages = "961--986",
	author = "Klaus J\protect{\"{u}}rgen Bathe and Sa\protect{\"{\i}}d Bolourchi"
}

@ARTICLE{BAUCHAU,
	author = "Olivier A. Bauchau",
	year = 1985,
	title = "A Beam Theory for Anisotropic Materials",
	journal = "J. Appl. Mech.",
	publisher = "{ASME}",
	number = "52",
	pages = "416--422"
}

@ARTICLE{BAUCHAU-DYMORE,
	author = "Olivier A. Bauchau and N. K. Kang",
	title = "A Multibody Formulation for Helicopter Structural Dynamic Analysis",
	journal = JAHS,
	volume = "38",
	number = "2",
	month = "April",
	pages = "3--14",
	year = 1993
}

@ARTICLE{AFC95,
	author = "Aaron A. Bent and Nesbitt W. Hagood and John P. Rodgers",
	year = 1995,
	title = "Anisotropic Actuation with Piezoelectric Fiber Composites",
	journal = JoIMSS,
	volume = "6",
	month = "May",
	pages = "338--349"
}

@ARTICLE{BORRI-MERLINI,
	author = "Marco Borri and Teodoro Merlini",
	year = 1986,
	title = "A Large Displacement Formulation For Anisotropic Beam Analysis",
	journal = "Meccanica",
	pages = "30--37",
	volume = "21"
}

@ARTICLE{BORRI-GHIRO-MERLINI92,
	author = "Marco Borri and Gian Luca Ghiringhelli and Teodoro Merlini",
	year = 1992,
	title = "Linear Analysis of Naturally Curved and Twisted Anisotropic Beams",
	journal = "Composites Engineering",
	volume = "2",
	number = "5--7",
	pages = "433--456",
	publisher = "Pergamon Press Ltd."
}

@ARTICLE{TRAVE-ELICOIDALE-I,
	author = "Marco Borri and Carlo L. Bottasso",
	year = 1994,
	title = "An Intrinsic Beam Model Based on a Helicoidal Approximation {---} Part {I}: Formulation",
	journal = "Intl. J. for Num. Methods in Engineering",
	volume = "37",
	pages = "2267--2289"
}

@ARTICLE{TRAVE-ELICOIDALE-II,
	author = "Marco Borri and Carlo L. Bottasso",
	year = 1994,
	title = "An Intrinsic Beam Model Based on a Helicoidal Approximation {---} Part {II}: Linearization and Finite Element Implementation",
	journal = "Intl. J. for Num. Methods in Engineering",
	volume = "37",
	pages = "2291--2309"
}

@ARTICLE{CARPENTER97,
	author = "M. J. Carpenter",
	year = 1997,
	title = "Using Energy Methods to Derive Beam Finite Elements Incorporating Piezoelectric Materials",
	journal = JoIMSS,
	volume = "1"
}

@ARTICLE{CHEN94,
	author = "T. Chen",
	year = 1994,
	journal = "Intl. J. Solids Structures",
	volume = "31",
	number = "22",
	title = "Micromechanical Estimates of the Overall Thermoelectroelastic Moduli of Multiphase Fibrous Composites"
}

@ARTICLE{DUNN93,
	author = "M. L. Dunn and M. Taya",
	year = 1993,
	title = "Micromechanics Predictions of the Effective Electroelastic Moduli of Piezoelectric Composites",
	journal = "Intl. J. Solids Structures",
	volume = "30",
	number = "2"
}

@ARTICLE{DUNN95,
	author = "M. L. Dunn",
	year = 1995,
	title = "A Theoretical Framework for the Analysis of Thermoelectroelastic Heterogeneous Media with Applications",
	journal = JoIMSS,
	volume = "6",
	month = "March"
}

@ARTICLE{FRIEDMANN91,
	author = "Peretz P. Friedmann",
	year = 1991,
	title = "Helicopter Vibration Reduction Using Structural Optimization with Aeroelastic/Multidisciplinary Constraints --- A Survey",
	journal = "J. Aircraft",
	volume = "28",
	number = "1",
	pages = "8--21"
}

@ARTICLE{FRIEDMANN95,
	author = "Peretz P. Friedmann and T. A. Millot",
	year = 1995,
	title = "Vibration Reduction in Rotorcraft Using Active Control: a Comparison of Various Approaches",
	journal = "J. of Guidance, Control, \& Dynamics",
	volume = "18",
	number = "4",
	month = "July-August",
	pages = "664--673"
}

@ARTICLE{GHIRO-SALA,
	author = "Gian Luca Ghiringhelli and Giuseppe Sala",
	year = 1986,
	title = "Interlaminar Edge Stress Analysis of Composite Cross-Ply Flat Specimens",
	journal = "Meccanica",
	volume = "21",
	pages = "151--158"
}

@ARTICLE{ANBA-GHIRO-MANTE94,
	author = "Gian Luca Ghiringhelli and Paolo Mantegazza",
	year = 1994,
	title = "Linear, Straight and Untwisted Anisotropic Beam Section Properties From Solid Finite Elements",
	journal = "Composites Engineering",
	volume = "4",
	number = "12",
	pages = "1225--1239"
}

@ARTICLE{GHIRO-AEROTEC,
	author = "Gian Luca Ghiringhelli",
	year = 1995,
	title = "Piezoelectric Structures Characterisation by Integrated FEM Modelisation",
	journal = "l'Aerotecnica Missili e Spazio",
	volume = "2",
	pages = "129--138",
	month = "July-December"
}

@ARTICLE{ANBAPZ97,
	author = "Gian Luca Ghiringhelli and Pierangelo Masarati and Paolo Mantegazza",
	year = 1997,
	title = "Characterisation of Anisotropic, Non-Homogeneous Beam Sections with Embedded Piezo-Electric Materials",
	journal = JoIMSS,
	volume = "8",
	number = "10",
	month = "October",
	pages = "842--858"
}

@ARTICLE{GHIRO-TERMICO,
	author = "Gian Luca Ghiringhelli",
	year = 1997,
	title = "On the Thermal Problem for Composite Beams Using a Finite Element Semi-Discretisation",
	journal = "Composites Part B",
	volume = "6",
	pages = "483--495"
}

@ARTICLE{GHIRO-BEAMS3D,
	author = "Gian Luca Ghiringhelli",
	year = 1997,
	title = "On the Linear Three Dimensional Behaviour of Composite Beams",
	journal = "Composites Part B",
	number = "28B",
	pages = "613--626"
}

@ARTICLE{VPI99,
	author = "Gian Luca Ghiringhelli and Pierangelo Masarati and Paolo Mantegazza and Mark W. Nixon",
	year = 1999,
	title = "Multi-Body Analysis of a Tiltrotor Configuration",
	journal = "Nonlinear Dynamics",
	month = "August",
	volume = "19",
	pages = "333--357",
	number = "4"
}

@ARTICLE{FV-AIAA,
	author = "Gian Luca Ghiringhelli and Pierangelo Masarati and Paolo Mantegazza",
	title = "A Multi-Body Implementation of Finite Volume Beams",
	year = 2000,
	month = "January",
	pages = "131--138",
	volume = "38",
	number = "1",
	journal = AIAAJ
}

@ARTICLE{ANBA-GIAVOTTO-83,
	author = "Vittorio Giavotto and Marco Borri and Paolo Mantegazza and Gian Luca Ghiringhelli and V. Caramaschi and G. C. Maffioli and F. Mussi",
	year = 1983,
	title = "Anisotropic Beam Theory and Applications",
	volume = "16",
	number = "1--4",
	pages = "403--413",
	journal = "Computers \& Structures"
}

@ARTICLE{GIURGIUTIU95,
	year = 1995,
	title = "Engineering Feasibility of Induced Strain Actuators for Rotor Blade Active Vibration Control",
	journal = JoIMSS,
	volume = "6",
	month = "September",
	pages = "583--597",
	author = "Victor Giurgiutiu and Zaffir Chaudry and Craig A. Rogers"
}

@ARTICLE{HAGOOD91,
	author = "Nesbitt W. Hagood and A. Von Flotow",
	year = 1991,
	title = "Damping of Structural Vibrations with Piezoelectric Materials and Passive Electrical Networks",
	journal = "Journal of Sound and Vibration",
	volume = "146",
	number = "2"
}

@ARTICLE{HAM83,
	year = 1983,
	title = "Helicopter Rotor Lag Damping Augmentation Through Individual-Blade-Control",
	journal = "Vertica",
	volume = "7",
	number = "4",
	pages = "361--371",
	author = "Norman D. Ham and Brigitte L. Behal and Robert M., Jr,  McKillip"
}

@ARTICLE{HAM87,
	author = "N. D. Ham",
	year = 1987,
	journal = "Vertica",
	volume = "11",
	number = "1/2",
	pages = "109--122",
	title = "Helicopter Individual-Blade-Control Research at {MIT} 1977--1985"
}

@ARTICLE{HARRIS70,
	year = 1970,
	title = "Rotor High Speed Performance, Theory vs. Test",
	journal = JAHS,
	volume = "15",
	number = "3",
	month = "July",
	pages = "35--41",
	author = "F. D. Harris and F. J. {Jr, Tarzanin} and R. K. {Jr, Fisher}"
}

@ARTICLE{CHOPRA-UMARC,
	author = "C. H. Hong and Inderjit Chopra",
	year = 1985,
	title = "Aeroelastic Stability Analysis of a Composite Rotor Blade",
	journal = JAHS,
	volume = "30",
	number = "2",
	pages = "57--67"
}

@ARTICLE{JERNAN97CHIN,
	author = "{Jer-nan} Juang and M. Q. Phan",
	year = 1997,
	title = "Deadbeat Predictive Control",
	journal = "Journal of the Chinese Society of Mechanical Engineers",
	volume = "19",
	number = "1",
	pages = "25--37"
}

@ARTICLE{JOHNSON-CAMRAD-1,
	author = "Wayne Johnson",
	year = 1981,
	title = "Development of a Comprehensive Analysis for Rotorcraft {--- I}. Rotor Model and Wake Analysis",
	journal = "Vertica",
	volume = "5",
	pages = "99--129"
}

@ARTICLE{JOHNSON-CAMRAD-2,
	author = "Wayne Johnson",
	year = 1981,
	title = "Development of a Comprehensive Analysis for Rotorcraft {--- II}. Aircraft Model, Solution Procedure and Applications",
	journal = "Vertica",
	volume = "5",
	pages = "185--216"
}

@ARTICLE{KANT82,
	author = "Tarun Kant and D. R. J. Owen and O. C. Zienkiewicz",
	year = 1982,
	title = "A Refined Higher-Order $C^0$ Plate Bending Element",
	journal = "Computers \& Structures",
	volume = "15",
	number = "2",
	pages = "177--183"
}

@ARTICLE{KVATERNIK,
	author = "Raymond G. Kvaternik",
	year = 1976,
	title = "A Review of Some Tilt-Rotor Aeroelastic Research at NASA-Langley",
	journal = "J. of Aircraft",
	volume = "13",
	number = "5",
	month = "May",
	pages = "357--363"
}

@ARTICLE{LEHMANN85,
	author = "G. Lehmann",
	year = 1985,
	title = "The Effect of Higher Harmonic Control (HHC) On a Four-Bladed Hingeless Model Rotor",
	journal = "Vertica",
	volume = "9",
	number = "3",
	pages = "273--284"
}

@ARTICLE{COMMERCIAL,
	author = "M. W. Lin and A. O. Abatan and Craig A. Rogers",
	year = 1994,
	title = "Application of Commercial Finite Element Codes for the Analysis of Induced Strain-Actuated Structures",
	journal = JoIMSS,
	volume = "5"
}

@ARTICLE{LOEWY84,
	author = "R. G. Loewy",
	year = 1984,
	title = "Helicopter Vibrations: A Technological Perspective",
	journal = JAHS,
	month = "October",
	pages = "4--30"
}

@ARTICLE{FV97,
	author = "Pierangelo Masarati and Paolo Mantegazza",
	year = 1997,
	title = "On the {$C^0$} Discretisation of Beams by Finite Elements and Finite Volumes",
	journal = "l'Aerotecnica Missili e Spazio",
	volume = "75",
	pages = "77--86"
}

@ARTICLE{MOHR82,
	author = "G. A. Mohr",
	year = 1982,
	title = "Finite Element Formulation by Nested Interpolations: Application to the Drilling Freedom Problem",
	journal = "Computers \& Structures",
	volume = "15",
	number = "2",
	pages = "185--190"
}

@ARTICLE{CHOPRA-HHC90,
	author = "Khanh Nguyen and Inderjit Chopra",
	year = 1990,
	title = "Application of Higher Harmonic Control to Hingeless Rotor Systems",
	journal = "Vertica",
	volume = "14",
	number = "4",
	pages = "545--556"
}

@ARTICLE{PAGANO70,
	author = "N. J. Pagano",
	year = 1970,
	title = "Exact Solutions for Rectangular Bidirectional Composites and Sandwich Plates",
	journal = "J. Composite Materials",
	volume = "4",
	month = "January",
	pages = "20--34"
}

@ARTICLE{PITT,
	author = "Dale M. Pitt and David A. Peters",
	year = 1981,
	title = "Theoretical Prediction of Dynamic-Inflow Derivatives",
	journal = "Vertica",
	volume = "5",
	pages = "21--34"
}

@ARTICLE{V-22CORR,
	author = "David Popelka and Mark Sheffler and Jim Bilger",
	year = 1987,
	title = "Correlation of Test and Analysis for the 1/5-Scale {V--22} Aeroelastic Model",
	journal = JAHS,
	volume = "32",
	number = "2",
	month = "April",
	pages = "21--33"
}

@ARTICLE{REICHERT81,
	author = "G. Reichert",
	year = 1981,
	title = "Helicopter Vibration Control {---} A Survey",
	journal = "Vertica",
	volume = "5",
	number = "1",
	pages = "1--20"
}

@ARTICLE{FRIEDMANN-HHC91,
	author = "Lawson H. Robinson and Peretz P. Friedmann",
	year = 1991,
	title = "A Study of Fundamental Issues in Higher Harmonic Control Using Aeroelastic Simulation",
	journal = JAHS,
	pages = "32--43"
}

@ARTICLE{SARAVANOS,
	author = "D. A. Saravanos and P. R. Heyliger",
	year = 1995,
	title = "Coupled Layerwise Analysis of Composite Beams with Embedded Piezoelectric Sensors and Actuators",
	journal = JoIMSS,
	volume = "6",
	month = "May",
	pages = "350--363"
}

@ARTICLE{SETTLE92,
	author = "Thomas B. Settle and David L. Kidd",
	year = 1992,
	title = "Evolution and Test History of the {V--22} 0.2-Scale Aeroelastic Model",
	journal = JAHS,
	volume = "37",
	number = "1",
	month = "January",
	pages = "31--45"
}

@ARTICLE{SIMO-1,
	author = "J. C. Simo",
	year = 1985,
	title = "A Finite Strain Beam Formulation. The Three-Dimensional Dynamic Problem. Part {I}",
	journal = "Computer Methods in Applied Mechanics and Engineering",
	volume = "49",
	publisher = "North Holland",
	pages = "55--70"
}

@ARTICLE{SIMO-2,
	author = "J. C. Simo and L. Vu-Quoc",
	year = 1986,
	title = "A Three-Dimensional Finite Strain Rod Model. Part {II}: Computational Aspects",
	journal = "Computer Methods in Applied Mechanics and Engineering",
	volume = "58",
	publisher = "North Holland",
	pages = "79--116"
}

@ARTICLE{STAMPLE,
	author = "A. D. Stample and S. W. Lee",
	year = 1988,
	title = "Finite Element Model for Composite Beams with Arbitrary Cross Sectional Warping",
	volume = "26",
	number = "12",
	month = "December",
	journal = AIAAJ
}

@BOOK{ASTROM89,
	author = "Karl Johan \AA{str\protect{\"{o}m}} and {Bj\"{o}rn} Wittenmark",
	year = 1989,
	title = "Adaptive Control",
	publisher = "Addison-Wesley",
	address = "USA"
}

@BOOK{BIELAWA92,
	author = "Richard L. Bielawa",
	year = 1992,
	title = "Rotary Wing Structural Dynamics and Aeroelasticity",
	publisher = "{AIAA}",
	address = "Washington, DC"
}

@BOOK{BOLOTIN,
	author = "Vladimir Vasil'evich Bolotin",
	year = 1963,
	title = "Nonconservative Problems of the Theory of Elastic Stability",
	publisher = "Pergamon Press",
	address = "Oxford"
}

@INBOOK{BORRI98,
	author = "Marco Borri and Carlo L. Bottasso and Lorenzo Trainelli",
	year = 1998,
	chapter = "Integrating Elastic Multibody Systems: Manifolds, Invariants and Non{-}Linear Stability",
	title = "Computational Mechanics, New Trends and Applications",
	publisher = "CIMNE",
	address = "Barcelona, Spain"
}

@BOOK{PETZOLD89,
	author = "Kathryn Eleda Brenan and Stephen La Vern Campbell and Linda R. Petzold",
	year = 1989,
	title = "Numerical Solution of Initial-Value Problems in Differential-Algebraic Equations",
	publisher = "North-Holland",
	address = "New York"
}

@INBOOK{SCRITTI-PER-LUCIO,
	author = "Vittorio Giavotto",
	year = 1986,
	chapter = "Teoria Elastica della Trave Anisotropa e Non Omogenea ({E}lastic Theory of Anisotropic, Non-Homogeneous Beams)",
	title = "{Scritti per Lucio Lazzarino}",
	publisher = "Pacini Editore",
	address = "Pisa, Italy",
	note = "in Italian"
}

@BOOK{HAUG-DADS,
	author = "Edward J. Haug",
	year = 1989,
	title = "Computer Aided Kinematics and Dynamics of Mechanical Systems. Vol. 1: Basic Methods",
	address = "Boston",
	publisher = "Allyn and Bacon"
}

@BOOK{HUGHES,
	author = "Thomas J. R. Hughes",
	year = 1987,
	title = "The Finite Element Method: Linear Static and Dynamic Finite Element Analysis",
	publisher = "Prentice Hall International Inc.",
	address = "New Jersey"
}

@BOOK{JOHNSON,
	author = "Wayne Johnson",
	year = 1980,
	title = "Helicopter Theory",
	publisher = "Princeton University Press",
	address = "Princeton, New Jersey"
}

@BOOK{PRZEMENIECKI,
	author = "J. S. Przemieniecki",
	year = 1968,
	title = "Theory of Matrix Structural Analysis",
	publisher = "McGraw-Hill",
	address = "New York"
}

@BOOK{MB-HANDBOOK,
	author = "Werner Schiehlen",
	year = 1990,
	title = "Multibody Systems Handbook",
	address = "Berlin",
	publisher = "Springer-Verlag"
}

@BOOK{ZIENKI,
	author = "O. C. Zienkiewicz",
	year = 1977,
	title = "The Finite Element Method",
	volume = "1",
	publisher = "McGraw-Hill",
	address = "London, GB"
}

@INPROCEEDINGS{ICAST98,
	author = "Emanuele Bianchi and Gian Luca Ghiringhelli and Davide Martini and Pierangelo Masarati",
	year = 1998,
	title = "A Piezo-Neural Control for Vibrations Suppression",
	booktitle = "{ICAST '98}, Ninth " # ICAST,
	month = "October 14--16",
	address = "Cambridge, Mass.",
	pages = "314--325"
}

@INPROCEEDINGS{CESNIK98,
	author = "Carlos Cesnik and SangJoon Shin",
	year = 1998,
	title = "Structural Analysis for Designing Rotor Blades with Integral Actuators",
	booktitle = "Proceedings of 39$^{\rm th}$ AIAA Structures, Structural Dynamics and Materials Conferences",
	address = "Long Beach",
	note = "{AIAA}-98-2107"
}

@INPROCEEDINGS{CESNIK98-2,
	author = "Carlos Cesnik and SangJoon Shin",
	year = 1998,
	title = "On the Twist Performance of a Multiple-Cell Active Helicopter Blade",
	booktitle = "{ICAST}'98, Ninth " #ICAST,
	month = "October 14--16",
	address = "Cambridge, Mass."
}

@INPROCEEDINGS{CHOPRA81,
	author = "Inderjit Chopra and J. L. McCloud",
	year = 1981,
	title = "A Numerical Simulation Study of Open-Loop, Closed-Loop and Adaptive Multicyclic Control Systems",
	booktitle = "American Helicopter Society Northeast Region National Specialists' Meeting on Helicopter Vibration, Technology for the Jet Smooth Ride",
	address = "Hartford, Conn."
}

@INPROCEEDINGS{STRASBURGO,
	author = "Gian Luca Ghiringhelli and Massimiliano Lanz and Paolo Mantegazza",
	year = 1993,
	title = "Numerical Modelling and Experimental Testing of Distributed Piezoelectric Actuators",
	booktitle = "Intl. Forum on Aeroelasticity and Structural Dynamics",
	address = "Strasbourg, France"
}

@INPROCEEDINGS{ICAST96,
	author = "Gian Luca Ghiringhelli and Paolo Mantegazza and Pierangelo Masarati",
	year = 1996,
	title = "Numerical Modelling of Anisotropic Non Homogeneous Beams with Embedded Piezoelectric Sensors and Actuators",
	booktitle = "$7^{\rm th}$ " # ICAST,
	month = "September 23--25",
	address = "Rome, Italy"
}

@INPROCEEDINGS{GHIRO-LANZ-CEAS,
	author = "Gian Luca Ghiringhelli and Massimiliano Lanz",
	year = 1997,
	title = "Dynamic Optimisation of Bearingless Helicopter Rotors",
	booktitle = CEAS,
	month = "June 17--20",
	address = "Rome, Italy",
	volume = "III",
	pages = "75--84"
}

@INPROCEEDINGS{CEAS97,
	author = "Gian Luca Ghiringhelli and Pierangelo Masarati and Paolo Mantegazza",
	year = 1997,
	title = "Multi-Body Aeroelastic Analysis of Smart Rotor Blades, Actuated by Means of Piezo-Electric Devices",
	booktitle = CEAS,
	month = "June 17--20",
	address = "Rome, Italy",
	volume = "II",
	pages = "115--122"
}

@INPROCEEDINGS{VPI98,
	author = "Gian Luca Ghiringhelli and Pierangelo Masarati and Paolo Mantegazza and Mark W. Nixon",
	year = 1998,
	title = "Multi-Body Analysis of a Tiltrotor Configuration",
	booktitle = "$7^{\rm th}$ Conference On Nonlinear Vibrations, Stability, and Dynamics of Structures",
	month = "July 26--30",
	address = "Blacksburg, VA",
	note = "also published as \cite{VPI99}"
}

@INPROCEEDINGS{AHS99,
	author = "Gian Luca Ghiringhelli and Pierangelo Masarati and Paolo Mantegazza and Mark W. Nixon",
	year = 1999,
	booktitle = "American Helicopter Society $55^{\rm th}$ Forum",
	month = "May 25--27",
	address = "Montreal, Canada",
	title = "Multi-Body Analysis of the 1/5 Scale Wind Tunnel Model of the {V--22} Tiltrotor",
	volume = "2",
	pages = "1087--1096"
}

@INPROCEEDINGS{CEAS99,
	author = "Gian Luca Ghiringhelli and Pierangelo Masarati and Paolo Mantegazza and Mark W. Nixon",
	year = 1999,
	title = "Multi-Body Analysis of an Active Control for a Tiltrotor",
	booktitle = CEAS # " 1999",
	month = "June 22--25",
	address = "Williamsburg, VA",
	pages = "149--158"
}

@INPROCEEDINGS{ASME99,
	author = "Gian Luca Ghiringhelli and Pierangelo Masarati and Paolo Mantegazza",
	year = 1999,
	title = "Analysis of an Actively Twisted Rotor by Multi-Body Global Modelling",
	booktitle = "1999 {ASME} Mechanics and Materials Conference",
	month = "June 27--30",
	address = "Blacksburg, VA",
	note = "Also published by \emph{Composites \& Structures}"
}

@INPROCEEDINGS{IDE--,
	author = "Nesbitt W. Hagood and  R. Kindel and K. Ghandi and Paolo Gaudenzi",
	year = 1993,
	title = "Improving Transverse Actuation of Piezoceramics Using Interdigitated Surface Electrodes",
	booktitle = "{SPIE} Smart Structures and Materials Conference",
	volume = "1917(1)",
	month = "February 1--4",
	pages = "341--352"
}

@INPROCEEDINGS{HAMILTON,
	author = "B. Hamilton and J. Peters and C. Callahan",
	year = 1988,
	title = "Optimal Design of an Advanced Composite Rotating Flexbeam",
	booktitle = "Flight Technology Department, M.D.D.H.C. Proceedings of 44$^{\rm th}$ Annual American Helicopter Society Forum",
	address = "Washington D.C.",
	month = "June 16--18"
}

@INPROCEEDINGS{JANOS,
	author = "B. Z. Janos and Nesbitt W. Hagood",
	year = 1998,
	title = "Overview of Active Fiber Composites Technologies",
	booktitle = "$6^{\rm th}$ International Conference on new Actuators {- ACTUATOR98}",
	month = "June '98",
	address = "Bremen, Germany"
}

@INPROCEEDINGS{JOHNSON-CAMRAD-II,
	author = "Wayne Johnson",
	year = 1994,
	booktitle = "American Helicopter Society Aeromechanics Specialists Conference",
	address = "San Francisco, California",
	month = "January 19--21",
	title = "Technology Drivers in the Development of {CAMRAD II}",
}

@INPROCEEDINGS{RAGANI,
	author = "Massimiliano Lanz and  Paolo Mantegazza and Paolo Faure Ragani",
	year = 1995,
	title = "Aeroelastic Rotor Dynamics by General Finite Element and Multibody Approaches",
	booktitle = "IX World Congress on the Theory of Machines and Mechanisms",
	volume = "2",
	pages = "1650--1656",
	month = "August-September",
	address = "Milano, Italy"
}

@INPROCEEDINGS{NIXON-CEAS97,
	author = "Mark W. Nixon and Raymond G. Kvaternik and Thomas B. Settle",
	year = 1997,
	title = "Higher Harmonic Control Tiltrotor Vibration Reduction",
	booktitle = CEAS,
	month = "June 17--20",
	address = "Rome, Italy",
	volume = "II",
	pages = "327--334"
}

@INPROCEEDINGS{RODGERS98,
	author = "John P. Rodgers and Nesbitt W. Hagood",
	year = 1998,
	title = "Preliminary Mach-Scale Hover Testing of an Integral Twist-Actuated Rotor Blade",
	booktitle = "{SPIE} Conference",
	address = "San Diego, California",
	month = "March 1--5"
}

@INPROCEEDINGS{WILKIE96,
	author = "William K. Wilkie and K. C. Park and W. K. Belvin",
	year = 1996,
	title = "Aeroelastic Analysis of Helicopter Rotor Blades Incorporating Anisotropic Piezoelectric Twist Actuation",
	booktitle = "in {ASME} 1996 World Congress and Exposition, Adaptive Structures Symposium, Proceedings, Aerospace Division",
	month = "November"
}

@INPROCEEDINGS{WILKIE,
	author = "William K. Wilkie and K. C. Park and W. K. Belvin",
	year = 1998,
	address = "Long Beach, CA",
	month = "April 20--23",
	note = "{AIAA-98-2002}",
	title = "Helicopter Dynamic Stall Suppression Using Piezoelectric Active Fiber Composite Rotor Blades",
	booktitle = "{AIAA/ASME/AHS} Structures, Structural Dynamics and Materials Conference"
}

@INPROCEEDINGS{WILKIE99,
	author = "William Keats Wilkie and Matthew L. Wilbur and Paul H. Mirick and Carlos E. S. Cesnik and SangJoon Shin",
	year = 1999,
	title = "Aeroelastic Analysis of the {NASA/Army/MIT} Active Twist Rotor",
	booktitle = "American Helicopter Society $55^{\rm th}$ Forum",
	month = "May 25--27",
	address = "Montreal, Canada"
}

@TECHREPORT{NIXON87,
	author = "Robert V. Hodges and Mark W. Nixon and Lawrence W. Rehfield",
	year = 1987,
	title = "Comparison of Composite Rotor Blade Models: A Coupled-Beam Analysis and an MSC/NASTRAN Finite-Element Model",
	institution = "{NASA}",
	type = "TM",
	number = 89024
}

@TECHREPORT{JERNAN97TM,
	author = "K. W. Eure and {Jer-nan} Juang",
	year = "1997",
	title = "Broadband Noise Control Using Predictive Techniques",
	institution = "{NASA}",
	type = "TM",
	number = "110320"
}

@TECHREPORT{JERNAN97TP,
	author = "{Jer-nan} Juang",
	year = 1997,
	title = "State-Space System Realization With Input- and Output-Data Correlation",
	institution = "{NASA}",
	type = "TP",
	number = "3622"
}

@TECHREPORT{JOHNSON82,
	author = "Wayne Johnson",
	year = 1982,
	title = "Self-Tuning Regulators of Multicyclic Control of Helicopter Vibrations",
	institution = "{NASA}",
	type = "TP",
	number = "1996"
}

@TECHREPORT{A3B-STRESS-REPORT,
	author = "Parham, Jr., T.",
	year = 1994,
	title = "{A3B} Semispan Model Stress Report",
	institution = "Bell Helicopter Textron Inc.",
	type = "Internal Report",
	number = "599-099-197"
}

@TECHREPORT{WILKIE-PARK96,
	author = "William K. Wilkie and K. C. Park",
	year = 1996,
	title = "An Aeroelastic Analysis of Helicopter Rotor Blades Incorporating Piezoelectric Fiber Composite Twist Actuation",
	institution = "{NASA}",
	type = "TM",
	number = "110252",
	note = "ARL-MR-328",
	month = "May"
}

@TECHREPORT{ARES97,
	author = "William K. Wilkie and Paul H. Mirick and Chester W. Langston",
	year = 1997,
	title = "Rotating Shake Test and Modal Analysis of a Model Helicopter Rotor Blade",
	institution = "{NASA}",
	type = "TM",
	number = "4760"
}

@PHDTHESIS{CARDONA-MECANO,
	author = "A. Cardona",
	year = 1989,
	title = "An Integrated Approach to Mechanism Analysis",
	school = "Universit\'{e} de Li\`{e}ge"
}

@PHDTHESIS{KVATERNIK-THESIS,
	author = "Raymond G. Kvaternik",
	year = 1973,
	title = "Studies in Tilt-Rotor VTOL Aircraft Aeroelasticity",
	school = "Case Western Reserve Univ."
}

@PHDTHESIS{TESI-NIXON,
	author = "Mark W. Nixon",
	year = 1993,
	title = "Aeroelastic Response and Stability of Tiltrotors with Elastically-Coupled Composite Rotor Blades",
	school = "University of Maryland"
}

@PHDTHESIS{TESI-GILARDI,
	author = "Gabriele Gilardi",
	year = 1997,
	title = "Sviluppo di un Simulatore Multi-Corpo per lo Studio di Problemi Dinamici in Campo Aerospaziale ({D}evelopment of a Multi-Body Simulator for the Investigation of Dynamic Problems in the Aerospace Field)",
	school = "Politecnico di Milano",
	address = "Milano, Italy",
	note = "in Italian"
}

@MASTERSTHESIS{TESI-MARAZZANI,
	author = "Stefano Marazzani",
	year = "{1994--95}",
	title = "Sviluppo di un Simulatore Multi-Corpo per lo Studio di Problemi Dinamici in Campo Aeronautico ed Elicotteristico ({D}evelopment of a Multi-Body Simulator for the Investigation of Dynamic Problems in the Aeronautical and Helicopter Fields)",
	school = "Politecnico di Milano",
	address = "Milano, Italy",
	note = "in Italian"
}

@MASTERSTHESIS{TESI-MASARATI,
	author = "Pierangelo Masarati",
	year = "{1994--95}",
	title = "Travi Piezoelettriche: Modellazione ed Analisi ({P}iezoelectric Beams: Modelling and Analysis)",
	school = "Politecnico di Milano",
	address = "Milano, Italy",
	note = "in Italian"
}

@ARTICLE{BAUCHAU-ROTOR,
	author = "Olivier A. Bauchau",
	title = "Computational Schemes for Flexible, Non-linear Multi-Body Systems",
	journal = "Multibody Systems Dynamics",
	year = 1998,
	volume = "2",
	number = "2",
	pages = "169--225",
	publisher = "Kluwer Academic Publishers"
}

@UNPUBLISHED{LARC-PIEZO,
	author = "Anna-Maria Rivas McGowan and William Keats Wilkie and Robert W. Moses and Renee C. Lake and Jennifer Pinkerton Florance and Carol D. Wieseman and Mercedes C. Reaves and Barmac K. Taleghani and Paul H. Mirick and Matthew L. Wilbur",
	title = "Aeroservoelastic and Structural Dynamics Research on Smart Structures Conducted at NASA Langley Research Center",
	note = "(Cercare su LTRS)"
}

@TECHREPORT{HINNANT89,
	author = "Howard E. Hinnant",
	year = 1989,
	title = "Derivation of a Tapered p-Version Beam Finite Element",
	institution = "{NASA}",
	type = "TP",
	number = 2931
}

@BOOK{HAIRER96-2,
	author = "Ernst Hairer and Gerhard Wanner",
	year = 1996,
	title = "Solving Ordinary Differential Equations",
	volume = "II",
	address = "Berlin Heidelberg, Germany",
	publisher = "Springer-Verlag",
	note = "$2^{\rm nd}$ rev.\ ed."
}

@INPROCEEDINGS{HODGES99,
	author = "Vitali V. Volovoi and Dewey H. Hodges and Carlos E. S. Cesnik and Bogdan Popescu",
	year = 1999,
	title = "Assessment of Beam Modeling Methods for Rotor Blade Applications",
	booktitle = AHS # " $55^{\rm th}$ Forum",
	month = "May 25--27",
	address = "Montreal, Canada",
	pages = "1209--1218"
}

@INPROCEEDINGS{CELI99,
	author = "Roberto Celi",
	year = 1999,
	title = "Implementation of Rotary-Wing Aeromechanical Problems Using Differential-Algebraic Equation Solvers",
	booktitle = AHS # " $55^{\rm th}$ Forum",
	month = "May 25--27",
	address = "Montreal, Canada",
	pages = "1048--1060"
}

@UNPUBLISHED{BORRI-MBD,
	author = "Marco Borri and Lorenzo Trainelli and Carlo L. Bottasso",
	title = "On Representations and Parametrizations of Motion",
	note = "to be published on Multibody Dynamics"
}

@BOOK{MBODY-RT94,
	year = 1994,
	publisher = "Springer-Verlag",
	address = "New York",
	author = "Javier Garcia de Jalon and Eduardo Bayo",
	title = "Kinematic and Dynamic Simulation of Multibody Systems: the Real Time Challenge"
}

@ARTICLE{BREZZI89,
	author = "Thomas J. R. Hughes and F. Brezzi",
	year = 1989,
	title = "On Drilling Degrees of Freedom",
	journal = "{Computer Methods in Applied Mechanics and Engineering}",
	volume = "72",
	pages = "105--121"
}

@ARTICLE{HODGES-ATILGAN92,
	author = "Dewey H. Hodges and A. R. Atilgan and Carlos Cesnik and M. V. Fulton",
	year = 1992,
	title = "On a Simplified Strain Energy Function for Geometrically non Linear Behaviour of Anisotropic Beams",
	journal = "Composites Engineering",
	volume = "2",
	number = "5--7"
}

@ARTICLE{HODGES-REVIEW90,
	author = "Dewey H. Hodges",
	year = 1990,
	title = "Review of Composite Rotor Blade Modeling",
	volume = "28",
	number = "3",
	month = "March",
	pages = "561--565",
	journal = AIAAJ
}

@ARTICLE{HODGES90,
	author = "Dewey H. Hodges",
	year = 1990,
	title = "A Mixed Variational Formulation Based on Exact Intrinsic Equations for Dynamics of Moving Beams",
	journal = "{Int. J. Solids Structures}",
	volume = "26",
	number = "11",
	pages = "1253--1273"
}

@ARTICLE{BORRI-MANTE85,
	author = "Marco Borri and Paolo Mantegazza",
	year = 1985,
	title = "Some Contributions on Structural and Dynamic Modeling of Rotor Blades",
	journal = "{l'Aerotecnica Missili e Spazio}",
	month = "September",
	pages = "143--154"
}

@ARTICLE{BAUCHAU-HONG87,
	author = "Olivier A. Bauchau and C. H. Hong",
	year = 1987,
	title = "Large Displacement Analysis of Naturally Curved and Twisted Composite Beams",
	volume = "25",
	number = "11",
	month = "November",
	pages = "1469--1475",
	journal = AIAAJ
}

@ARTICLE{KOSMATKA91,
	author = "J. B. Kosmatka and S. B. Dong",
	year = 1991,
	title = "Saint-Venant Solutions for Prismatic Anisotropic Beams",
	journal = "{Int. J. Solids Structures}",
	volume = "28",
	number = "7",
	pages = "917--938"
}

@ARTICLE{BORRI-BOTTASSO-MANTE92,
	author = "Marco Borri and Carlo Bottasso and Paolo Mantegazza",
	year = 1992,
	journal = "{Meccanica}",
	volume = "27",
	number = "7",
	pages = "119--130",
	title = "Basic Features of the Time Finite Element Approach for Dynamics"
}

@ARTICLE{METODO-MANTE77,
	author = "Paolo Mantegazza",
	year = 1977,
	title = "Analysis of Semimonocoque Beam Sections by the Displacement Method",
	journal = "{l'Aerotecnica Missili e Spazio}",
	month = "December",
	pages = "179--182"
}

@TECHREPORT{CFD-COMP96,
	author = "William G. Bousman and Colin Young and Fran\protect{\c{c}}ois Toulmay and Neil E. Gilbert and Roger C. Strawn and Judith V. Miller and Thomas H. Maier and Michel Costes and Philippe Beaumier",
	title = "A Comparison of Lifting-Line and {CFD} Methods with Flight Test Data from a Research {Puma} Helicopter",
	institution = "{NASA}",
	year = 1996,
	type = "{TM}",
	number = "110421",
	month = "October"
}

@TECHREPORT{IEEEPZ78,
	author = "{ANSI/IEEE}",
	year = 1978,
	title = "{IEEE} Standard on Piezoelectricity",
	institution = "IEEE",
	number = "IEEE176-78",
	month = "29 September"
}

@TECHREPORT{IEEEPZ87,
	author = "{ANSI/IEEE}",
	year = 1987,
	title = "{IEEE} Standard on Piezoelectricity",
	institution = "IEEE",
	number = "176-1987"
}

@INPROCEEDINGS{GHIRO-SALA87,
	author = "Gian Luca Ghiringhelli and Giuseppe Sala",
	year = 1987,
	title = "Some Aspects of Damage Mechanics for Composite Materials",
	booktitle = "{IX Congresso Nazionale della Associazione di Aeronautica ed Astronautica}",
	address = "Palermo, Italy",
	month = "26--28 October",
	note = "in Italian"
}

@ARTICLE{PETERS-TRIM90,
	author = "David A. Peters and Mnaouar ChouChane and Mark Fulton",
	year = 1990,
	title = "Helicopter Trim with Flap-Lag-Torsion and Stall by an Optimized Controller",
	journal = "{J.\ of Guidance, Control, and Dynamics}",
	month = "September-October",
	volume = "13",
	number = "5",
	pages = "824--834"
}

@ARTICLE{HAMMOND-HHC85,
	year = 1985,
	title = "On Developing and Flight Testing a Higher Harmonic Control System",
	journal = JAHS,
	month = "January",
	pages = "3--20",
	author = "E. Roberts Wood and Righard W. Powers and John H. Cline and C. Eugene Hammond"
}

@INPROCEEDINGS{TVR99,
	author = "Mitsuhiro Aso and Shun-ichi Bandoh",
	year = 1999,
	booktitle = AHS # " $55^{\rm th}$ Forum",
	month = "May 25--27",
	address = "Montreal, Canada",
	pages = "202--208",
	title = "The Development of the Total Vibration Reduction {(TVR)} System"
}

@ARTICLE{DANDAROY97,
	year = 1997,
	journal = "{J. Aircraft}",
	volume = "34",
	number = "2",
	month = "March-April",
	pages = "244--250",
	author = "Walter Eversman and Indranil Danda Roy",
	title = "Active Flutter Suppression Using Multi-Input/Multi-Output Adaptive Least Mean Square Control"
}

@TECHREPORT{ANPA--,
	author = "Gian Luca Ghiringhelli and Pierangelo Masarati",
	title = "Semi-Analytical Characterisation of Anisotropic, Non-Homogeneous Plates",
	year = 2000,
	institution = "Dipartimento di Ingegneria Aerospaziale, Politecnico di Milano",
	number = "SR 00--19",
	address = "Milano, Italy"
}

@INPROCEEDINGS{AIRCRAFT-MORPHING98,
	author = "R. W. Wlezien and G. C. Horner and A. R. McGowan and S. L. Padula and M. A. Scott and R. J. Silcox and J. O. Simpson",
	year = 1998,
	title = "The Aircraft Morphing Program",
	address = "Long Beach, California",
	month = "April 20--23",
	note = "{AIAA 98-1927}",
	booktitle = "{$39^{\rm th}$ AIAA/ASME/ASCE/AHS/ASC Structures, Structural Dynamics, and Materials Conference}"
}

@INPROCEEDINGS{GPC-NEURAL99,
	year = 1999,
	title = "Real-Time Adaptive Control Using Neural Generalized Predictive Control",
	booktitle = "{1999 American Control Conference}",
	address = "San Diego, California",
	month = "June 2--4",
	author = "Pamela J. Haley and Donald Soloway and Brian Gold"
}

@INPROCEEDINGS{GIURGIUTIU-ICAST98,
	author = "Victor Giurgiutiu and Sandip Dutta and Craig A. Rogers",
	year = 1998,
	title = "Compact High-Frequency Solid-State Modular Pump for Hydraulic Actuation",
	month = "October 14--16",
	booktitle = "{ICAST '98}, Ninth " # ICAST,
	address = "Cambridge, Mass."
}

@INPROCEEDINGS{CHOPRA-FLAP94,
	author = "C. Walz and Inderjit Chopra",
	year = 1994,
	booktitle = "{AIAA/ASME/ASCE/AHS/ASC $35^{\rm th}$ Structures, Structural Dynamics, and Materials Conference --- Adaptive Structures Forum}",
	month = "April 21--22",
	address = "Hilton Head, SC",
	pages = "298--319",
	title = "Design, Fabrication, and Testing of a Helicopter Rotor Model with Smart Trailing Edge Flaps",
	note = "{AIAA-94-1767-CP}"
}

@INPROCEEDINGS{MILLOTT-FRIEDMANN92,
	author = "T. Millott and Peretz P. Friedmann",
	year = 1992,
	booktitle = "{AIAA/ASME/AHS/ASC $33^{\rm rd}$ Structures, Structural Dynamics, and Materials Conference}",
	address = "Washington, DC",
	pages = "1975--1988",
	title = "Vibration Reduction in Helicopter Rotors Using an Active Control Surface Located on the Blade",
	note = "{AIAA-92-2451}"
}

@INPROCEEDINGS{MILLOTT-FRIEDMANN93,
	author = "T. Millott and Peretz P. Friedmann",
	year = 1993,
	booktitle = "{$49^{\rm th}$ Forum of the }" # AHS,
	pages = "1079--1092",
	title = "The Practical Implementation of an Actively Controlled Flap to Reduce Vibrations in Helicopter Rotors",
	address = "St. Louis, MO"
}

@INPROCEEDINGS{GIURGIUTIU-REVIEW99,
	year = 1999,
	title = "Review of Smart-Materials Actuation Solutions for Aeroelastic and Vibration Control",
	booktitle = CEAS # " 1999",
	month = "June 22--25",
	address = "Williamsburg, VA",
	author = "Victor Giurgiutiu and Craig A. Rogers"
}

@INPROCEEDINGS{CHEN-CHOPRA93,
	author = "P. C. Chen and Inderjit Chopra",
	year = 1993,
	title = "Induced-Strain Actuation of Composite Beams and Rotor Blades with Embedded Piezoceramic Elements",
	booktitle = "{$1^{\rm st}$ Workshop on Smart Structures}",
	month = "September, 22--24",
	address = "University of Texas, Arlington, TX"
}

@TECHREPORT{GPC-NEURAL97,
	author = "Donald Soloway and Pamela J. Haley",
	year = 1997,
	title = "Neural Generalized Predictive Control: A Newton-Raphson Implementation",
	institution = "{NASA}",
	type = "{TM}",
	number = "110244",
	month = "February"
}

@ARTICLE{FRANCHI95,
	author = "C. G. Franchi",
	year = 1995,
	journal = "{Meccanica}",
	volume = "30",
	pages = "17--35",
	title = "A Highly Redundant Coordinate Formulation for Constrained Rigid Bodies"
}

@BOOK{BATHE82,
	author = "Klaus J\protect{\"{u}}rgen Bathe",
	year = 1982,
	title = "Finite Element Procedures in Engineering Analysis",
	publisher = "Prentice-Hall",
	address = "Englewood Cliffs"
}

@PHDTHESIS{THESIS-THERON,
	author = "Nicolaas J. Theron",
	year = 1994,
	title = "Multi-Body Dynamic Analysis of Helicopter Rotors",
	school = "{Rensselaer Polytechnic Institute}",
	address = "{Troy, NY}",
	note = "{SCOREC Report 28-1994}"
}

@PHDTHESIS{TESI-TRAINELLI,
	author = "Lorenzo Trainelli",
	year = 1998,
	title = "Studio della Dinamica dei Rotori di Elicottero Mediante Algoritmi Multicorpo Conservativi/Dissipativi (A Study of the Dynamics of Helicopter Rotors by Multibody Preservative/Dissipative Algorithms)",
	school = "{Dipartimento di Ingegneria Aerospaziale, Politecnico di Milano}",
	address = "{Milano, Italy}"
}

@BOOK{HAIRER89,
	author = "Ernst Hairer and Christian Lubich and Michel Roche",
	year = 1989,
	title = "The Numerical Solution of Differential-Algebraic Systems by Runge-Kutta Methods",
	address = "Berlin Heidelberg, Germany",
	series = "Lecture Notes in Mathematics",
	publisher = "Springer-Verlag"
}

@PHDTHESIS{PHD-MASARATI,
	author = "Pierangelo Masarati",
	year = 1999,
	title = "Comprehensive Multibody AeroServoElastic Analysis of Integrated Rotorcraft Active Controls",
	school = "{Dipartimento di Ingegneria Aerospaziale, Politecnico di Milano}",
	address = "{Milano, Italy}",
	note = "\texttt{http://mbdyn.aero.polimi.it/\~{}masarati/Publications/thesis.pdf}"
}

@INPROCEEDINGS{ICAST99,
	year = 1999,
	title = "A Discussion on the Collocated Active Control of Beams with Piezoelectric Patches",
	booktitle = "$10^{\rm th}$ " # ICAST,
	month = "October 11--13",
	address = "Paris, France",
	author = "Gian Luca Ghiringhelli and Pierangelo Masarati and Paolo Mantegazza",
	pages = "135--145"
}

@ARTICLE{CHEN-CHOPRA93-2,
	author = "Peter C. Chen and Inderjit Chopra",
	year = 1993,
	title = "Hover Testing of Smart Rotor with Induced-Strain Actuation of Blade Twist",
	volume = "35",
	number = "1",
	month = "January",
	pages = "6--16",
	journal = AIAAJ
}

@UNPUBLISHED{INTEGR--,
	title = "Unconditionally Stable Multistep Integration of Ordinary Differential Equations with Controlled Algorithmic Dissipation for Multibody Dynamics Applications",
	author = "Massimiliano Lanz and Pierangelo Masarati and Paolo Mantegazza",
	note = "to be published"
}

@BOOK{PAYNE-1959,
	author = "P. R. Payne",
	year = 1959,
	title = "Helicopter Dynamics and Aerodynamics",
	publisher = "{Sir Isaac Pitman \& Sons, LTD.}",
	address = "London"
}

@BOOK{BRAMWELL-1976,
	author = "A. R. S. Bramwell",
	year = 1976,
	title = "Helicopter Dynamics",
	publisher = "{Edward Arnold}",
	address = "London"
}

@ARTICLE{DONE-1974,
	author = "G. T. S. Done",
	year = 1974,
	title = "A Simplified Approach to Helicopter Ground Resonance",
	journal = "{Aeronaut. J.}",
	month = "May",
	pages = "204--208"
}

@ARTICLE{BIELAWA-1985,
	author = "Richard L. Bielawa",
	year = 1985,
	title = "An Improved Technique for Testing Helicopter Rotor-Pylon Aeromechanical Stability Using Measured Rotor Dynamic Impedance Characteristics",
	journal = "Vertica",
	volume = "9",
	number = "2",
	pages = "181--197"
}

@INPROCEEDINGS{MAKINEN-1997,
	year = 1997,
	title = "Dynamic Simulations of Flexible Hydraulic-Driven Multibody Systems using Finite Strain Beam Theory",
	address = "Link\protect{\"{o}ping}",
	author = "Jari M\protect{\"{a}kinen} and Asko Ellman and Robert \protect{Pich\'{e}}",
	booktitle = "Fifth Scandinavian International Conference on Fluid Power"
}

@INPROCEEDINGS{KING-1999,
	author = "Robert L. King",
	year = 1999,
	title = "Nonlinear In-Plane Flexbeam Stiffness Provides Rotor System Stability Without Lag Dampers",
	booktitle = "American Helicopter Society $55^{\rm th}$ Forum",
	address = "Montreal, Canada",
	month = "May 25--27",
	pages = "2396--2405"
}

@INPROCEEDINGS{LIU-CHATTOPADHYAY-GU-XU-1999,
	author = "Qiang Liu and Aditi Chattopadhyay and Haozhong Gu and Zhou Xu",
	year = 1999,
	title = "Effect of Active Constrained Layer Damping Treatment on Helicopter Aeromechanical Stability Analysis",
	booktitle = "American Helicopter Society $55^{\rm th}$ Forum",
	address = "Montreal, Canada",
	month = "May 25--27",
	pages = "2228--2239"
}

@INPROCEEDINGS{KRYSINSKI-FERULLO-1999,
	author = "Tomasz Krysinski and David Ferullo",
	year = 1999,
	title = "Overview of the {EC 155} Dynamics Validation Program From Design Stage Up to Certification",
	booktitle = "American Helicopter Society $55^{\rm th}$ Forum",
	address = "Montreal, Canada",
	month = "May 25--27",
	pages = "1079--1086"
}

@ARTICLE{MARATHE-GANDHI-WANG-1998,
	author = "Sameer Marathe and Farhan Gandhi and K. W. Wang",
	year = 1998,
	title = "Helicopter Blade Response and Aeromechanical Stability with a Magnetorheological Fluid Based Lag Damper",
	journal = JoIMSS,
	volume = "9",
	month = "April",
	number = "4",
	pages = "272--282"
}

@ARTICLE{GANDHI-HATHAWAY-1998,
	author = "Farhan Gandhi and Eric Hathaway",
	year = 1998,
	title = "Optimized Aeroelastic Couplings for Alleviation of Helicopter Ground Resonance",
	journal = "{Journal of Aircraft}",
	volume = "35",
	number = "4",
	month = "August",
	pages = "582--589"
}

@INPROCEEDINGS{SCHIMKE-ET-AL-1997,
	author = "D. Schimke and P. Jaenker and A. Blaas and R. Kube and G. Schewe and Ch. Kessler",
	year = 1997,
	title = "Individual Blade Control by Servo-Flap and Blade Root Control - A Collaborative Research and Development Programme",
	booktitle = "$23^{\rm rd}$ European Rotorcraft Forum",
	address = "Dresden, Germany",
	month = "September 16--18",
	volume = "1",
	pages = "46.1--46.16"
}

@INPROCEEDINGS{ALMERAS-1997,
	author = "Philippe Almeras",
	year = 1997,
	title = "Active Control of Aeromechanical Stability Applied by Eurocopter",
	booktitle = "$23^{\rm rd}$ European Rotorcraft Forum",
	address = "Dresden, Germany",
	month = "September 16--18",
	volume = "1",
	pages = "41.1--41.16"
}

@INPROCEEDINGS{TETTENBORN-KESSLER-REICHERT-1997,
	author = "G. Tettenborn and Ch. Kessler and G. Reichert",
	year = 1997,
	title = "Comparison of {IBC} with Active Controllers using a Conventional Swashplate to Suppress Ground and Air Resonance",
	booktitle = "$23^{\rm rd}$ European Rotorcraft Forum",
	address = "Dresden, Germany",
	month = "September 16--18",
	volume = "1",
	pages = "13.1--13.19"
}

@INPROCEEDINGS{ROBINSON-WOOD-KING-1997,
	author = "C. S. Robinson and E. R. Wood and R. L. King",
	year = 1997,
	title = "Modeling and Analysis of Helicopter Rotor Instabilities using Symbolic Processing and Control System Dynamics Software",
	booktitle = "$23^{\rm rd}$ European Rotorcraft Forum",
	address = "Dresden, Germany",
	month = "September 16--18",
	volume = "1",
	pages = "12.1--12.8"
}

@ARTICLE{SURESH-NAGABHUSHANAM-1997,
	author = "J. K. Suresh and J. Nagabhushanam",
	year = 1997,
	title = "Response, Loads, and Stability of Interconnected Rotor-Body Systems",
	journal = "{Journal of Aircraft}",
	volume = "34",
	number = "3",
	pages = "416--426"
}

@INPROCEEDINGS{ORMISTON-1996,
	author = "Robert A. Ormiston",
	year = 1996,
	title = "The Challenge of the Damperless Rotor",
	booktitle = "$22^{\rm nd}$ European Rotorcraft Forum",
	address = "Brighton, United Kingdom",
	month = "September 17--19",
	pages = "68.1--68.14"
}

@INPROCEEDINGS{JINGLONG-DEMAO-1996,
	author = "Han Jinglong and Zhu Demao",
	year = 1996,
	title = "Harmonic Response of a Elastomeric Damper",
	booktitle = "$22^{\rm nd}$ European Rotorcraft Forum",
	address = "Brighton, United Kingdom",
	month = "September 17--19",
	pages = "69.1--69.6"
}

@INPROCEEDINGS{KESSLER-REICHERT-1996,
	author = "Ch. Kessler and G. Reichert",
	year = 1996,
	title = "Active Control to Augment Rotor Lead-Lag Damping",
	booktitle = "$22^{\rm nd}$ European Rotorcraft Forum",
	address = "Brighton, United Kingdom",
	month = "September 17--19",
	pages = "10.1--10.16"
}

@INPROCEEDINGS{SURACE-CARDASCIA-ANGHEL-1996,
	author = "Giuseppe Surace and Lorenzo Cardascia and Viorel Anghel",
	year = 1996,
	title = "A Symbolic Derivation of the Equations of Motion for Rotor Blade Dynamic Stability Finite Element Analysis Using {\em Mathematica}",
	booktitle = "$22^{\rm nd}$ European Rotorcraft Forum",
	address = "Brighton, United Kingdom",
	month = "September 17--19",
	pages = "95.1--95.13"
}

@INPROCEEDINGS{SUBRAMANIAN-GAONKAR-1996,
	author = "S. Subramanian and G. H. Gaonkar",
	year = 1996,
	title = "Parallel Fast-Floquet Analysis of Trim and Stability for Large Helicopter Models",
	booktitle = "$22^{\rm nd}$ European Rotorcraft Forum",
	address = "Brighton, United Kingdom",
	month = "September 17--19",
	pages = "94.1--94.14"
}

@INPROCEEDINGS{VORONKOV-TRIPHONOVA-1995,
	author = "A. Z. Voronkov and N. A. Triphonova",
	year = 1995,
	title = "Coaxial Helicopter Safety from Ground Resonance Point of View",
	booktitle = "$21^{\rm nd}$ European Rotorcraft Forum",
	address = "St.\ Petersburg, Russia",
	month = "August, 30--September, 1",
	pages = "VI.8.1--VI.8.12"
}

@INPROCEEDINGS{MYAGKOV-GODES-1995,
	author = "Yu. A. Myagkov and B. S. Godes",
	year = 1995,
	title = "Ground Resonance of Helicopters with Failed Lag Dampers - Results of Analytical and Experimental Investigations",
	booktitle = "$21^{\rm nd}$ European Rotorcraft Forum",
	address = "St.\ Petersburg, Russia",
	month = "August, 30--September, 1",
	pages = "VI.4.1--VI.4.6"
}

@ARTICLE{FABUNMI-1986,
	author = "James A. Fabunmi",
	year = 1986,
	title = "Development in Helicopter Ground Vibration Testing",
	journal = JAHS,
	month = "July",
	pages = "54--59"
}

@ARTICLE{BIELAWA-1987,
	author = "Richard L. Bielawa",
	year = 1987,
	title = "Notes Regarding Fundamental Understanding of Rotorcraft Aeroelastic Instability",
	journal = JAHS,
	month = "October",
	pages = "4--15"
}

@ARTICLE{BIELAWA-1989,
	author = "Richard L. Bielawa",
	year = 1989,
	title = "Validation of a Method for Air Resonance Testing of Helicopters at Model Scale Using Active Control of Pylon Dynamic Characteristics",
	journal = JAHS,
	month = "April",
	pages = "33--42"
}

@TECHREPORT{COLEMAN-FEINGOLD-1958,
	author = "Robert P. Coleman and Arnold M. Feingold",
	year = 1958,
	title = "Theory of Self-Excited Mechanical Oscillations of Helicopter Rotors with Hinged Blades",
	institution = "{NACA}",
	type = "{REPORT}",
	number = "1351"
}

@ARTICLE{WANG-KIM-SHEA-1994,
	author = "K. W. Wang and Y. S. Kim and D. B. Shea",
	year = 1994,
	title = "Structural Vibration Control Via Electrorheological-Fluid-Based Actuators with Adaptive Viscous and Frictional Damping",
	journal = "Journal of Sound and Vibration",
	volume = "177",
	number = "2",
	pages = "227--237"
}

@ARTICLE{GAONKAR-PETERS-1986,
	author = "Gopal H. Gaonkar and David A. Peters",
	year = 1986,
	title = "Effectiveness of Current Dynamic-Inflow Models in Hover and Forward Flight",
	journal = JAHS,
	month = "April",
	volume = "31",
	number = "2",
	pages = "47--57"
}

@ARTICLE{PETERS-HAQUANG-1988,
	author = "David A. Peters and Ninh HaQuang",
	year = 1988,
	title = "Dynamic Inflow for Practical Applications",
	journal = JAHS,
	month = "October",
	volume = "3",
	number = "4",
	pages = "64--68"
}

@ARTICLE{ZOTTO-LOEWY-1992,
	author = "Mark D. Zotto and Robert G. Loewy",
	year = 1992,
	title = "Influence of Pitch-Lag Coupling on Damping Requirements to Stabilize ``Ground/Air Resonance''",
	journal = JAHS,
	month = "October",
	volume = "37",
	number = "4",
	pages = "68--71"
}

@ARTICLE{CHOPRA-1990,
	author = "Inderjit Chopra",
	year = 1990,
	title = "Perspectives in Aeromechanical Stability of Helicopter Rotors",
	journal = "Vertica",
	volume = "14",
	number = "4",
	pages = "4457--508"
}

@ARTICLE{MILGRAM-CHOPRA-1994,
	author = "Judah H. Milgram and Inderjit Chopra",
	year = 1994,
	title = "Air Resonance of Hingeless Rotor Helicopters in Trimmed Forward Flight",
	journal = JAHS,
	month = "October",
	volume = "39",
	number = "4",
	pages = "46--58"
}

@ARTICLE{GANDHI-CHOPRA-1994,
	author = "Farhan Gandhi and Inderjit Chopra",
	year = 1994,
	title = "An Analytical Model for a Nonlinear Elastomeric Lag Damper and Its Effect on Aeromechanical Stability in Hover",
	journal = JAHS,
	month = "October",
	volume = "39",
	number = "4",
	pages = "59--69"
}

@ARTICLE{HANSFORD-1994,
	author = "Robert E. Hansford",
	year = 1994,
	title = "Considerations in the Development of the Coupled Rotr Fuselage Model",
	journal = JAHS,
	month = "October",
	volume = "39",
	number = "4",
	pages = "70--81"
}

@ARTICLE{PETERS-1994,
	author = "David A. Peters",
	year = 1994,
	title = "Fast Floquet Theory and Trim for Multi-Bladed Rotorcraft",
	journal = JAHS,
	month = "October",
	volume = "39",
	number = "4",
	pages = "82--89"
}

@ARTICLE{ORMISTON-1983,
	author = "Robert A. Ormiston",
	year = 1983,
	title = "Investigations of Hingeless Rotor Stability",
	journal = "Vertica",
	volume = "7",
	number = "2",
	pages = "143--181"
}

@ARTICLE{RYBICKI-1981,
	author = "Robert Rybicki",
	year = 1981,
	title = "The Sikorsky Elastomeric Rotor",
	journal = JAHS,
	month = "January",
	volume = "26",
	number = "1",
	pages = "34--45"
}

@ARTICLE{BOUSMAN-1981,
	author = "William J. Bousman",
	year = 1981,
	title = "An Experimental Investigation of the Effects of Aeroelastic Couplings on Aeromechanical Stability of a Hingeless Rotor Helicopter",
	journal = JAHS,
	month = "January",
	volume = "26",
	number = "1",
	pages = "46--54"
}

@UNPUBLISHED{ANBA-LOCAL--,
	author = "Pierangelo Masarati",
	title = "Semi-Analytical Solution of Spanwise Loaded Beams",
	note = "to be published"
}

@BOOK{MERRITT1967,
	title = "Hydraulic Control Systems",
	publisher = "{John Wiley \& Sons}",
	address = "{New York}",
	year = 1967,
	author = "Herbert E. Merritt"
}

@INPROCEEDINGS{ANPA-PIEZO-2000,
	author = "Pierangelo Masarati and Gian Luca Ghiringhelli",
	year = 2000,
	title = "Semi-Analytical Characterisation of Piezoelectric plates and Shells",
	booktitle = "Smart Structures and Materials 2000",
	month = "June 19--21",
	address = "Madrid, Spain",
	pages = "41--50"
}

@INPROCEEDINGS{GHIRINGHELLI-MASARATI-MANTEGAZZA-2000,
	year = 2000,
	booktitle = "Smart Structures and Materials 2000",
	month = "June 19--21",
	address = "Madrid, Spain",
	pages = "119--128",
	author = "Gian Luca Ghiringhelli and Pierangelo Masarati and Paolo Mantegazza",
	title = "Characterisation of a Smart Rotor Blade Incorporating Active Fibre Composites"
}

@INPROCEEDINGS{PICHE-ELLMAN-1995,
	year = 1995,
	title = "A Fluid Transmission Line Model for use with ODE Simulators",
	booktitle = "Eight Bath International Fluid Power Workshop",
	address = "Bath, UK",
	month = "September 20--22",
	author = "Robert \protect{Pich\'{e}} and Asko Ellman"
}

@INPROCEEDINGS{BJORSTAD-1988,
	author = "P. E. Bj\protect{\o}rstad and A. Hvidsten",
	title = "Iterative methods for substructured elasticity problems in structural analysis",
	booktitle = "Proceedings of the first international symposium on Domain Decomposition Methods for Partial Differential Equations",
	address = "Philadelphia, PA",
	year = 1988,
	editor = "R. Glowinski, G. Golub, G. Meurant and J. P\protect{\'{e}}riaux eds., SIAM"
}

@ARTICLE{BURRAGE-1997,
	author = "K. Burrage",
	title = "Parallel methods for {ODE}s",
	journal = "Adv. Comp. Maths.",
	year = 1997,
	pages = "1--2",
	volume = "7"
}

@TECHREPORT{DUFF-1999,
	author = "I. S. Duff and H. A. van der Vost",
	title = "Developments and trends in the parallel solution of linear systems",
	institution = "CERFACS",
	number = "TR/PA/99/10",
	address = "Toulouse, France",
	month = "April",
	year = 1999
}

@ARTICLE{FETI-1991,
	author = "C. Farhat and F. X. Roux",
	title = "A method of finite tearing and interconnecting and its parallel solution algorithm",
	journal = "Comput. Meth. Appl. Mech. Engin.",
	year = "1991",
	pages = "1205--1227",
	volume = "32"
}

@BOOK{FOSTER-1996,
	author = "I. Foster",
	title = "Designing and building parallel programs",
	publisher = "Addison-Wesley",
	address = "Reading, MA",
	year = 1995
}

@ARTICLE{FRANK-1999,
	author = "J. Frank and K. Vuik",
	title = "Parallel implementation of multiblock with approximate subdomain solution",
	journal = "Appl. Num. Math.",
	volume = "30",
	number = "2/3",
	year = 1999,
	pages = "403--423"
}

@BOOK{KELLEY-1995,
	author = "C.T. Kelley",
	title = "Iterative methods for linear and nonlinear equations",
	publisher = "SIAM",
	address = "Philadelphia, PA",
	year = 1995
}

@INBOOK{LETALLEC-1994,
	chapter = "Domain decomposition methods in computational mechanics",
	title = "Computational Mechanics Advances",
	publisher = "North-Holland",
	pages = "121--220",
	year = 1994,
	author = "P. {Le Tallec}"
}

@TECHREPORT{LO-1996,
	title = "Iterative solution of general sparse linear systems on clusters of workstation",
	number = "UMSI 96/117 \& UM-IBM 96/24",
	institution = "Minnesota Supercomputer Institute University of Minnesota",
	address = "Minneapolis, MN",
	year = 1996,
	author = "G.-C. Lo and Y. Saad"
}

@TECHREPORT{MPI2-1997,
	title = "{MPI-2}: Extension to the Message-Passing Interface Standard",
	institution = "University of Tennessee",
	address = "Knoxville, TN",
	year = 1997,
	author = "{Message Passing Interface Forum}"
}

@BOOK{SAAD-1996,
	author = "Y. Saad",
	title = "Iterative methods for sparse linear systems",
	publisher = "{PWS} Publishing Company",
	address = "Boston, MA",
	year = 1996
}

@BOOK{SNIR-1996,
	author = "M. Snir and S. Otto and S. Huss-Lederman and D. Walker and J. Dongarra",
	title = "{MPI}: The complete reference",
	publisher = "{MIT} Press",
	address = "Cambridge, MA",
	year = 1996
}

@BOOK{SMITH-1996,
	author = "B. Smith and P. Bj\protect{\o}rstad and W. Gropp",
	title = "Domain decomposition. Parallel multilevel methods for elliptic partial differential equations",
	publisher = "Cambridge University Press",
	address = "New York, NY",
	year = 1996
}

@INPROCEEDINGS{STERLING-1995,
	title = "{BEOWULF}: A parallel workstation for scientific computation",
	booktitle = "Proceedings of the 24${\rm th}$ International Conference on Parallel Processing",
	address = "Oconomowoc, WI",
	year = 1995,
	author = "T. Sterling and D. Becker and D. Savarese and J. Dorband and U. Ranawake and C. Packer"
}

@ARTICLE{GAREY-1976,
	author = "M. R. Garey and D. S. Johnson and L. Stockmeyer",
	title = "Some simplified NP-complete graph problems",
	journal = "Theoretical Computer Science",
	volume = 1,
	year = 1976,
	pages = "237--267"
}

@ARTICLE{KARYPIS-1998,
	author = "G. Karypis and V. Kumar",
	title = "A fast and high quality multilevel scheme for partitioning irregular graphs",
	journal = "SIAM J. Sci. Comput.",
	volume = 20,
	year = 1998,
	pages = "359--392"
}

@INCOLLECTION{LETALLEC-1997,
	title = "Solving large scale structural problems on parallel computers using domain decomposition techniques",
	booktitle = "Parallel solution methods in computational mechanics",
	editor = "M. Papadrakakis",
	publisher = "John Wiley \& Sons",
	address = "Chichester, UK",
	year = 1997,
	pages = "49--85",
	author = "P. {Le Tallec} and M. Vidrascu"
}

@INPROCEEDINGS{ERF-GR-2000,
	author = "Giuseppe Quaranta and Pierangelo Masarati and Massimiliano Lanz and Gian Luca Ghiringhelli and Paolo Mantegazza and Mark W. Nixon",
	year = 2000,
	title = "Dynamic Stability of Soft-In-Plane Tiltrotors by Parallel Multibody Analysis",
	booktitle = "\ensuremath{26^{\mathrm{th}}} European Rotorcraft Forum",
	address = "The Hague, The Netherlands",
	month = "26--29 September",
	pages = "60.1--9"
}

@INPROCEEDINGS{CILEA-PAR-2000,
	author = "Giuseppe Quaranta and Pierangelo Masarati and Paolo Mantegazza",
	year = 2000,
	title = "Multibody Analysis on Parallel Computers Using Substructuring Methods",
	booktitle = "CAPI2000 --- \ensuremath{4^{\mathrm{o}}} Workshop sul Calcolo ad Alte Prestazioni in Italia",
	address = "Milano, Universit\`{a} degli Studi di Milano",
	month = "26--27 September"
}

@UNPUBLISHED{PAR--,
	author = "Giuseppe Quaranta and Pierangelo Masarati and Paolo Mantegazza",
	title = "Multibody Aeroservoelastic Analysis on Parallel Computers Using Substructuring Methods"
}

@INPROCEEDINGS{ERF-HYDR-2000,
	author = "Pierangelo Masarati and Gian Luca Ghiringhelli and Massimiliano Lanz and Paolo Mantegazza",
	year = 2000,
	title = "Integration of Hydraulic Components in a Multibody Framework for Rotorcraft Analysis",
	booktitle = "\ensuremath{26^{\mathrm{th}}} European Rotorcraft Forum",
	address = "The Hague, The Netherlands",
	month = "26--29 September",
	pages = "57.1--10"
}

@ARTICLE{BAE-HWANG-HAUG-1991,
	author = "Dae-Sung Bae and Ruoh-Shih Hwang and Edward J. Haug",
	year = 1991,
	title = "A Recursive Formulation for Real-Time Dynamic Simulation of Mechanical Systems",
	journal = "Journal of Mechanical Design",
	volume = "113",
	month = "June",
	pages = "158--166"
}

@ARTICLE{BAE-KUHL-HAUG-1988,
	author = "Dae-Sung Bae and J. G. Kuhl and Edward J. Haug",
	year = 1988,
	title = "A Recursive Formulation for Constrained Mechanical System Dynamics: Part {III}. Parallel Processor Implementation",
	journal = "Mechanics of Structures and Machines",
	volume = "16",
	number = "2",
	pages = "249--269"
}

@ARTICLE{BAE-HAUG-1987,
	author = "Dae-Sung Bae and Edward J. Haug",
	year = 1987,
	title = "A Recursive Formulation for Constrained Mechanical System Dynamics: Part {II}. Closed-Loop Systems",
	journal = "Mechanics of Structures and Machines",
	volume = "15",
	number = "4",
	pages = "481--506"
}

@ARTICLE{BARBONI-GAUDENZI-1992,
	author = "Renato Barboni and Paolo Gaudenzi",
	year = 1992,
	title = "A Class of \ensuremath{C^0} Finite Elements for the Static and Dynamic Analysis of Laminated Plates",
	journal = "Computers \& Structures",
	volume = 44,
	number = 6,
	pages = "1169--1178"
}

@ARTICLE{GAUDENZI-BARBONI-MANNINI-1995,
	author = "Paolo Gaudenzi and Renato Barboni and A. Mannini",
	year = 1995,
	title = "A Finite Element Evaluation of Single-Layer and Multi-Layer Theories for the Analysis of Laminated Plates",
	journal = "Composite Structures",
	volume = 30,
	pages = "427--440"
}

@ARTICLE{KRISHNA-VELLAICHAMY-1987,
	author = "A. V. {Krishna Murty} and S. Vellaichamy",
	year = 1987,
	title = "On Higher Order Shear Deformation Theory of Laminated Composite Panels",
	journal = "Composite Structures",
	volume = "8",
	pages = "247--270"
}

@ARTICLE{KANT-PANDYA-1988,
	author = "T. Kant and B. N. Pandya",
	year = 1988,
	title = "A Simple Finite Element Formulation of a Higher-order Theory for Unsymmetrically Laminated Composite Plates",
	journal = "Composite Structures",
	volume = "9",
	pages = "215--246"
}

@ARTICLE{CARRERA-2000,
	year = 2000,
	volume = "38",
	number = "2",
	pages = "342--352",
	author = "Erasmo Carrera",
	journal = AIAAJ,
	title = "Single- vs Multilayer Plate Modeling on the Basis of {Reissner}'s Mixed Theorem"
}

@ARTICLE{CARRERA-1996,
	author = "Erasmo Carrera",
	year = 1996,
	journal = "Int. J. for Num. Meth. in Engineering",
	volume = "39",
	number = "11",
	pages = "1797--1820",
	title = "\ensuremath{C^0} {Reissner-Mindlin} Multilayered Plate Elements Including Zig-Zag and Interlaminar Stress Continuity"
}

@ARTICLE{DISCIUVA-1992,
	author = "Marco {Di Sciuva}",
	year = 1992,
	title = "Multilayered Anisotropic Plate Models with Continuous Interlaminar Stresses",
	journal = "Composite Structures",
	volume = "22",
	number = "3",
	pages = "149--167"
}

@INBOOK{BARON-BOFFADOSSI-DEPONTE-1990,
	chapter = "Numerical Simulation of Vortex Flows Past Impulsively Started Wings",
	title = "{AGARD-CP-494} Vortex Flow Aerodynamics",
	pages = "33/1--33/14",
	year = 1990,
	author = "Arturo Baron and Maurizio Boffadossi and Sergio {De Ponte}"
}

@ARTICLE{BARON-BOFFADOSSI-1991,
	title = "Numerical Simulation of Unsteady Rotor Wakes",
	journal = "L'Aerotecnica Missili e Spazio",
	volume = "70",
	pages = "19--29",
	year = 1991,
	author = "Arturo Baron and Maurizio Boffadossi"
}

@INPROCEEDINGS{BARON-BOFFADOSSI-1992,
	title = "Unsteady Free Wake Analysis of Closely Interfering Helicopter Rotors",
	booktitle = "\ensuremath{18^{\mathrm{th}}} European Rotorcraft Forum",
	address = "Avignon, France",
	month = "September 15--18",
	year = 1992,
	author = "Arturo Baron and Maurizio Boffadossi"
}

@INBOOK{BARON-BOFFADOSSI-1993,
	chapter = "Wake Structure and Aerodynamic Behavior of High Lift Aircraft Configurations During Unsteady Maneuvers in Ground Effect",
	title = "{AGARD-CP-515} High-Lift System Aerodynamics",
	pages = "25/1--25/15",
	month = "September",
	year = 1993,
	author = "Arturo Baron and Maurizio Boffadossi"
}

@ARTICLE{KUNZ-1997,
	author = "Donald L. Kunz",
	title = "Influence of Elastomeric Damper Modeling on the Dynamic Response of Helicopter Rotors",
	year = 1997,
	month = "February",
	pages = "349--354",
	volume = "35",
	number = "2",
	journal = AIAAJ
}

@BOOK{STRANG-1986,
	author = "Gilbert Strang",
	year = 1986,
	title = "Introduction to Applied Mathematics",
	publisher = "Wellesley-Cambridge Press",
	address = "Cambridge, MA, USA"
}

@TECHREPORT{BORRI-1979,
	author = "Marco Borri",
	title = "Contributo al calcolo di travi moderatamente curve e svergolate col metodo degli spostamenti",
	institution = "Istituto di Ingegneria Aerospaziale --- Politecnico di Milano",
	number = "N. 131",
	address = "Milano, Italy",
	year = 1979,
	note = "In Italian"
}

@BOOK{LAMBERT-1991,
	author = "John Denholm Lambert",
	year = 1991,
	title = "Numerical Methods for Ordinary Differential Systems",
	address = "Chichester, England",
	publisher = "John Wiley \& Sons Ltd."
}

@ARTICLE{ASME99-CS,
	author = "Gian Luca Ghiringhelli and Pierangelo Masarati and Paolo Mantegazza",
	year = 2001,
	journal = "Composite Structures",
	volume = "52/1",
	pages = "113--122",
	title = "Analysis of an Actively Twisted Rotor by Multibody Global Modelling",
	month = "April"
}

@BOOK{BISPLINGHOFF-ASHLEY-1962,
	author = "Raymond L. Bisplinghoff and Holt Ashley",
	year = 1962,
	publisher = "Wiley \& sons",
	address = "New York",
	title = "Principles of Aeroelasticity"
}

@BOOK{DOWELL-CURTISS-SCANLAN-SISTO-1978,
	author = "Earl H. Dowell and Howard C. {Jr, Curtiss} and Robert H. Scanlan and Fernando Sisto",
	year = 1978,
	title = "A Modern Course in Aeroelasticity",
	publisher = "Sijthoff \& Noordhoff",
	address = "Alphen aan den Rijn"
}

@INPROCEEDINGS{BENT-HAGOOD-1993,
	author = "Aaron A. Bent and Nesbitt W. Hagood",
	title = "Development of Piezoelectric Fiber Composites for Structural Actuation",
	note = "AIAA Paper No.~93--1717",
	booktitle = "Proceeding of the \ensuremath{34^{\mathrm{th}}} {AIAA}, Structural Dynamics and Materials Conference",
	address = "La Jolla, CA",
	year = 1993
}

@ARTICLE{BENT-HAGOOD-1997,
	author = "Aaron A. Bent and Nesbitt W. Hagood",
	title = "Piezoelectric Fiber Composites with Interdigitated Electrodes",
	journal = JoIMSS,
	month = "November",
	year = 1997
}

@INPROCEEDINGS{GEMBLER-ET-AL-1999,
	title = "Smart Struts - The Solution for Helicopter Interior Noise Problems",
	booktitle = "\ensuremath{25^{\mathrm{th}}} European Rotorcraft Forum",
	address = "Rome, Italy",
	month = "September 14--16",
	year = 1999,
	author = "W. Gembler and H. Schweitzer and P. Maier and M. Pucher and P. \protect{J\"anker} and F. Hermle"
}

@ARTICLE{CRAWLEY-DE-LUIS-1987,
	author = "Edward J. Crawley and Javier {De Luis}",
	title = "Use of Piezoelectric Actuators as Elements of Intelligent Structures",
	journal = AIAAJ,
	month = "October",
	year = 1987,
	pages = "1373--1385",
	volume = "25",
	number = "10"
}

@ARTICLE{CHAUDRY-ROGERS-1994,
	author = "Z. Chaudhry and Craig A. Rogers",
	title = "The Pin-Force Model Revisited",
	journal = JoIMSS,
	month = "May",
	volume = "5",
	year = 1994
}

@ARTICLE{STRAMBI-BARBONI-GAUDENZI-1995,
	author = "Giulio Strambi and Renato Barboni and Paolo Gaudenzi",
	title = "Pin-Force and {Euler-Bernoulli} Models for Analysis of Intelligent Structures",
	journal = AIAAJ,
	month = "September",
	year = 1995,
	pages = "1746--1749",
	volume = "33",
	number = "9"
}

@INPROCEEDINGS{CASSANI-GHIRINGHELLI-MASARATI-2001,
	author = "Stefano Cassani and Gian Luca Ghiringhelli and Pierangelo Masarati",
	year = 2001,
	title = "Caratterizzazione Numerica di Materiali Compositi ``Intelligenti'' a Fibra Piezoelettrica",
	booktitle = "{XVI Congresso Nazionale AIDAA}",
	month = "24--28 Settembre",
	address = "Palermo",
	note = "In Italian",
	pages = "69.1--10"
}

@INPROCEEDINGS{MASARATI-2001,
	author = "Pierangelo Masarati",
	year = 2001,
	title = "On the Semi-Analytical Solution of Beams Subjected to Distributed Loads",
	booktitle = "{XVI Congresso Nazionale AIDAA}",
	month = "24--28 Settembre",
	address = "Palermo",
	pages = "72.1--10"
}

@INPROCEEDINGS{MASARATI-GHIRINGHELLI-2001,
	author = "Pierangelo Masarati and Gian Luca Ghiringhelli",
	year = 2001,
	title = "Semi-Analytical Characterization of Anisotropic, Non-Homogeneous Plates",
	booktitle = "{XVI Congresso Nazionale AIDAA}",
	month = "24--28 Settembre",
	address = "Palermo",
	pages = "73.1--10"
}

@INPROCEEDINGS{MASARATI-LANZ-MANTEGAZZA-2001,
	author = "Pierangelo Masarati and Massimiliano Lanz and Paolo Mantegazza",
	year = 2001,
	title = "Multistep Integration of Ordinary, Stiff and Differential-Algebraic Problems for Multibody Dynamics Applications",
	booktitle = "{XVI Congresso Nazionale AIDAA}",
	month = "24--28 Settembre",
	address = "Palermo",
	pages = "71.1--10"
}

@INPROCEEDINGS{MASARATI-GHIRINGHELLI-LANZ-MANTEGAZZA-2001,
	author = "Pierangelo Masarati and Gian Luca Ghiringhelli and Massimiliano Lanz and Paolo Mantegazza",
	year = 2001,
	title = "Experiences of Multibody Multidisciplinary Rotorcraft Analysis",
	booktitle = "{XVI Congresso Nazionale AIDAA}",
	month = "24--28 Settembre",
	address = "Palermo",
	pages = "70.1--10"
}

@ARTICLE{PASINETTI-MANTEGAZZA-1999,
	title = "A Single Finite States Modeling of the Unsteady Aerodynamic Forces Related to Structural Motions and Gusts",
	author = "G. Pasinetti and Paolo Mantegazza",
	journal = AIAAJ,
	month = "May",
	year = 1999,
	volume = "37",
	number = "5",
	pages = "604--612"
}

@INPROCEEDINGS{MCKILLIP-HAM-BALOUGH-1993,
	author = "Robert M. {Jr, McKillip} and Norman D. Ham and Dwight L. Balough",
	year = 1993,
	title = "Research on Measurement and Control of Helicopter Rotor Response using Blade-Mounted Accelerometers 1992--93",
	booktitle = "\ensuremath{19^{\mathrm{th}}} European Rotorcraft Forum",
	address = "Cernobbio (Como), Italy",
	month = "14--16 September",
	pages = "O3"
}

@INPROCEEDINGS{BAGAI-LEISHMAN-1994,
	author = "Ashish Bagai and J. Gordon Leishman",
	year = 1994,
	booktitle = "American Helicopter Society \ensuremath{50^{\mathrm{th}}} Forum",
	month = "May 11--13",
	address = "Washington, D.C.",
	title = "Rotor Free-Wake Modeling using a Relaxation Technique --- Including Comparisons with Experimental Data",
	volume = "2",
	pages = "1175--1196"
}

@INPROCEEDINGS{TOURJANSKY-SZECHENYI-1992,
	author = "Nicolas Tourjansky and Edmond Sz\'{e}ch\'{e}nyi",
	year = 1992,
	title = "The Measurement of Blade Deflections",
	booktitle = "\ensuremath{18^{\mathrm{th}}} European Rotorcraft Forum",
	address = "Avignon, France",
	month = "15--18 September",
	pages = "6.1--12"
}

@INPROCEEDINGS{BENNETT-1973,
	author = "Richard L. Bennett",
	year = 1973,
	title = "Rotor System Design and Evaluation using a General Purpose Helicopter Flight Simulation Program",
	booktitle = "{AGARD} Specialists Meeting on Helicopter Rotor Loads Prediction Methods",
	address = "Milano, Italy",
	month = "30 March",
	pages = "5.1--15"
}

@INPROCEEDINGS{MCKENZIE-HOWELL-1973,
	author = "K. T. McKenzie and D. A. S. Howell",
	year = 1973,
	title = "The Prediction of Loading Actions on High Speed Semi-Rigid Rotor Helicopters",
	booktitle = "{AGARD} Specialists Meeting on Helicopter Rotor Loads Prediction Methods",
	address = "Milano, Italy",
	month = "30 March",
	pages = "6.1--19"
}

@ARTICLE{CONLISK-1997,
	author = "A. T. Conlisk",
	title = "Modern Helicopter Aerodynamics",
	year = 1997,
	pages = "515--167",
	volume = "29",
	journal = "Annual Review of Fluid Mechanics"
}

@INPROCEEDINGS{DENTI-DI-RITO-GALATOLO-2001,
	author = "E. Denti and G. Di~Rito and R. Galatolo",
	year = 2001,
	title = "Modellizzazione di Attuatori Idraulici per la Movimentazione delle Superfici di Controllo Primarie dei Velivoli",
	booktitle = "{XVI Congresso Nazionale AIDAA}",
	month = "24--28 Settembre",
	address = "Palermo",
	note = "In Italian"
}

@BOOK{LEVI-CIVITA-AMALDI-II-1974,
	title = "Lezioni di Meccanica Razionale --- Vol. II: Dinamica dei Sistemi con un numero finito di gradi di liberta, parte II",
	author = "Tullio Levi-Civita and Ugo Amaldi",
	address = "Bologna",
	publisher = "Zanichelli",
	year = 1974,
	note = "In Italian"
}

@BOOK{MAGGI-1903,
	address = "Milano",
	publisher = "Hoepli",
	author = "Gian Antonio Maggi",
	year = 1903,
	note = "In Italian",
	title = "Principii di stereodinamica: Corso sulla formazione, l'interpretazione e l'integrazione delle equazioni del movimento dei solidi"
}

@BOOK{FINZI-II-1975,
	title = "Meccanica razionale. Volume secondo: dinamica",
	author = "Bruno Finzi",
	address = "Bologna",
	publisher = "Zanichelli",
	year = 1975,
	note = "In Italian"
}

@BOOK{SHABANA-1998,
	year = 1998,
	title = "Dynamics of Multibody Systems",
	publisher = "Cambridge University Press",
	address = "Cambridge, MA",
	author = "Ahmed A. Shabana"
}

@BOOK{GERADIN-CARDONA-2001,
	year = 2001,
	title = "Flexible Multibody Dynamics: a Finite Element Approach",
	publisher = "John Wiley \& Sons",
	address = "Chichester",
	author = "Michel Geradin and Alberto Cardona"
}

@BOOK{MALVERN-1969,
	year = 1969,
	title = "Introduction to the Mechanics of a Continuous Medium",
	publisher = "Prentice-Hall, Inc.",
	address = "Englewood Cliffs, New Jersey",
	author = "Lawrence E. Malvern"
}

@TECHREPORT{ARCIDIACONO-CARTA-CASELLINI-ELMAN-1970,
	author = "P. J. Arcidiacono and F. O. Carta and L. M. Casellini and H. L. Elman",
	year = 1970,
	title = "Investigation of Helicopter Control Loads Induced by Stall Flutter",
	institution = "{USAAVLABS}",
	type = "Technical Report",
	number = "70--2",
	address = "Fort Eustis, Virginia",
	note = "Contract DAAJ02--68--C--0048 Sikorsky Aircraft"
}

@INPROCEEDINGS{BIELAWA-1975,
	author = "Richard L. Bielawa",
	year = 1975,
	title = "Synthesized Unsteady Airfoil Data with Applications to Stall Flutter Calculations",
	booktitle = AHS # " \ensuremath{31^{\mathrm{st}}} Forum",
	month = "May",
	address = "Washington, D.C."
}

@TECHREPORT{HOUBOLT-BROOKS-1957,
	author = "John C. Houbolt and George W. Brooks",
	year = 1957,
	title = "Differential Equations of Motion for Combined Flapwise Bending, Chordwise Bending, and Torsion of Twisted Nonuniform Rotor Blades",
	institution = "{NACA}",
	type = "TN",
	number = 3905,
	note = "Updated in 1975"
}

@TECHREPORT{HOUBOLT-BROOKS-1975,
	author = "John C. Houbolt and George W. Brooks",
	year = 1975,
	title = "Differential Equations of Motion for Combined Flapwise Bending, Chordwise Bending, and Torsion of Twisted Nonuniform Rotor Blades",
	institution = "{NASA}",
	type = "TR",
	number = 1346,
	note = "Supersedes {NACA} TN 3905, 1957"
}

@INPROCEEDINGS{GUALDI2000,
	author = "M. Boschetto and R. Bianco Mengotti and G.L. Ghiringhelli and S. Gualdi",
	year = 2000,
	title = "Analysis of Landing Gear Behaviour for Trainer Aircraft",
	booktitle = "\ensuremath{15^{\mathrm{th}}} European ADAMS Users' Conference",
	month = "November 15--17",
	address = "Rome, Italy"
}

@INPROCEEDINGS{WENTSCHER1995,
	year = 1995,
	title = "Fuselage Vibration Control Using Semi-Active Front Gear",
	booktitle = "The Design, Qualification and Maintenance of Vibration-Free Landing Gear",
	month = "October",
	publisher = "{AGARD}",
	address = "Banff, Canada",
	author = "H. Wentscher and W. {Kort\"{u}m} and W. {Kr\"{u}ger}"
}

@ARTICLE{KUNZ1994,
	author = "Donald L. Kunz",
	year = 1994,
	title = "A Survey and Comparison of Engineering Beam Theories for Helicopter Rotor Blades",
	journal = "Journal of Aircraft",
	volume = "31",
	number = "3",
	pages = "473--479"
}

@INPROCEEDINGS{HABLOWETZ-2000,
	year = 2000,
	title = "Advanced Helicopter Flight and Aeroelastic Simulation based on General Purpose Multibody Code",
	booktitle = "{AIAA} Modeling and Simulation Technologies Conference and Exhibit",
	address = "Denver, CO",
	month = "14--17 August",
	note = "{AIAA} 2000-4299"
}

@BOOK{NASTRAN-ADAUG-V70,
	year = 1997,
	title = "{MSC/NASTRAN} Advanced Dynamics Analysis User's Guide",
	address = "U.S.A.",
	author = "David N. Herting",
	publisher = "The MacNeal-Schwendler Corporation"
}

@INPROCEEDINGS{FONG-2001,
	author = "Alvin Fong",
	year = 2001,
	booktitle = "North American MDI Users' Conference 2001",
	month = "June 19--20",
	address = "Novi, Michigan",
	title = "Ground Loads with a Whole-Aircraft Model using {ADAMS}"
}

@INPROCEEDINGS{GHIRO-BOSCHETTO-1990,
	author = "GianLuca Ghiringhelli and Mario Boschetto",
	year = 1990,
	title = "Design Landing Loads Evaluation by Dynamic Simulation of Flexible Aircraft",
	booktitle = "{AGARD CP-484} Landing Gear Design Loads",
	month = "October 8--12",
	publisher = "{AGARD}",
	address = "Povoa de Varzim, Portugal"
}

@TECHREPORT{MILWITZKY-COOK-1954,
	author = "B. Milwitzky and F. E. Cook",
	year = 1954,
	title = "Analysis of Landing Gear Behavior",
	institution = "{NACA}",
	type = "TR",
	number = 1154
}

@INCOLLECTION{ESDU-1971,
	year = 1971,
	title = "Frictional and Retarding Forces on Aircraft Tyres",
	series = "Performance",
	volume = "5",
	publisher = "{ESDU}",
	booktitle = "{ESDU}"
}

@ARTICLE{KRUEGER-1997,
	author = "W. {Kr\"{u}ger} and I. Besselink and D. Cowling and D. B. Doan and W. {Kort\"{u}m} and W. Krabacher",
	year = 1997,
	title = "Aircraft Landing Gear Dynamics: Simulation and Control",
	journal = "Vehicle System Dinamics",
	volume = "28",
	number = "2--3",
	pages = "119--158"
}

@TECHREPORT{SMILEY-1960,
	author = "Robert F. Smiley and Walter B. Horne",
	year = 1960,
	title = "Mechanical Properties of Pneumatic Tires with Special Reference to Modern Aircraft Tires",
	institution = "{NASA}",
	type = "TR",
	number = "R-64" 
}

@INCOLLECTION{FAR29,
	title = "Part 29: Transport Category Rotorcraft",
	series = "Airworthiness Standards",
	publisher = "{FAA}",
	booktitle = "Federal Aviation Requirements"
}

@INCOLLECTION{JAR29,
	title = "Part 29: Large Rotorcraft",
	series = "Airworthiness Standards",
	publisher = "{JAA}",
	booktitle = "Joint Aviation Requirements"
}

@ARTICLE{SAKAI-1981,
	author = "H. Sakai",
	year = 1981,
	title = "Theoretical and Experimental Studies on the Dynamic Properties of Tyres, Part 1: Review of Theories of Rubber Friction",
	journal = "International Journal of Vehicle Design",
	volume = "2",
	number = "1",
	pages = "78--110"
}

@ARTICLE{SAKAI-2-1981,
	author = "H. Sakai",
	year = 1981,
	title = "Theoretical and Experimental Studies on the Dynamic Properties of Tyres, Part 2: Experimental Investigation of Rubber Friction and Deformation pf a Tyre",
	journal = "International Journal of Vehicle Design",
	volume = "2",
	number = "2",
	pages = "182--226"
}

@ARTICLE{SAKAI-3-1981,
	author = "H. Sakai",
	year = 1981,
	title = "Theoretical and Experimental Studies on the Dynamic Properties of Tyres, Part 3: Calculation of the Six Components of Force and Moment of a Tyre",
	journal = "International Journal of Vehicle Design",
	volume = "2",
	number = "3",
	pages = "335--372"
}

@ARTICLE{SAKAI-4-1982,
	author = "H. Sakai",
	year = 1982,
	title = "Theoretical and Experimental Studies on the Dynamic Properties of Tyres, Part 4: Investigations of the Influences of Running Conditions by Calculation and Experiment",
	journal = "International Journal of Vehicle Design",
	volume = "3",
	number = "3",
	pages = "333--375"
}

@ARTICLE{GIM-NIKRAVESH-1-1990,
	author = "Gwanghun Gim and Parviz Nikravesh",
	year = 1990,
	title = "An Analytical Model of Pneumatic Tyres for Vehicle Dynamics Simulations. Part 1: Pure Slips",
	journal = "International Journal of Vehicle Design",
	volume = "11",
	number = "6",
	pages = "589--618"
}

@ARTICLE{GIM-NIKRAVESH-2-1991,
	author = "Gwanghun Gim and Parviz Nikravesh",
	year = 1991,
	title = "An Analytical Model of Pneumatic Tyres for Vehicle Dynamics Simulations. Part 2: Comprehensive Slips",
	journal = "International Journal of Vehicle Design",
	volume = "12",
	number = "1",
	pages = "19--39"
}

@ARTICLE{GIM-NIKRAVESH-3-1991,
	author = "Gwanghun Gim and Parviz Nikravesh",
	year = 1991,
	title = "An Analytical Model of Pneumatic Tyres for Vehicle Dynamics Simulations. Part 3: Validation Against Experimental Data",
	journal = "International Journal of Vehicle Design",
	volume = "12",
	number = "2",
	pages = "217--228"
}

@MASTERSTHESIS{TESI-GIROLA,
	author = "Leandro Girola",
	year = "{1993--94}",
	title = "Simulazione del Fenomeno di ``Ground Resonance'' con Tecniche Multi-Corpo ({S}imulation of the Ground Resonance Phenomenon by Multibody Analysis Techniques)",
	school = "Politecnico di Milano",
	address = "Milano, Italy",
	note = "in Italian"
}

@TECHREPORT{CHEESEMAN-BENNETT-1955,
	author = "I. C. Cheeseman and N. E. Bennett",
	year = 1955,
	title = "The Effect of Ground on a Helicopter Rotor in Forward Flight",
	institution = "{NASA}",
	type = "TR",
	number = 3021
}

@BOOK{LEISHMAN-2000,
	author = "J. Gordon Leishman",
	year = 2000,
	title = "Principles of Helicopter Aerodynamics",
	publisher = "Cambridge University Press",
	address = "Cambridge, UK"
}

@MANUAL{CAMRAD/JA,
	author = "Waine Johnson",
	year = 1988,
	title = "{CAMRAD/JA},  A  Comprehensive  Analytical  Model  of  Rotorcraft Aerodynamics  and  Dynamics,  {Johnson}  {Aeronautics}  Version",
	organization = "Johnson Aeronautics"
}

@ARTICLE{ROSEN-1980,
	author = "A. Rosen",
	title = "The Effect of Initial Twist on the Torsional Rigidity of Beams --- Another Point of View",
	journal = "Journal of Applied Mechanics",
	volume = "47",
	year = 1980,
	pages = "389--392"
}

@TECHREPORT{HODGES-1985,
	author = "Dewey H. Hodges",
	title = "Nonlinear Equations for Dynamics of Pretwisted Beams Undergoing Small Strains and Large Rotations",
	institution = "{NASA}",
	type = "TP",
	number = "2470",
	month = "May",
	year = 1985
}

@ARTICLE{BAUCHAU-1985,
	author = "Olivier A. Bauchau",
	title = "A Beam Theory for Anisotropic Materials",
	journal = "Journal of Applied Mechanics",
	volume = "107",
	month = "June",
	year = 1985,
	pages = "416--422"
}

@ARTICLE{BAUCHAU-HONG-1988,
	author = "Olivier A. Bauchau and C. H. Hong",
	title = "Nonlinear Composite Beam Theory",
	journal = "Journal of Applied Mechanics",
	volume = "55",
	month = "March",
	year = 1988,
	pages = "156--163"
}

@ARTICLE{PAI-NAYFEH-1994,
	title = "A Fully Nonlinear Theory of Curved and Pretwisted Composite Rotor Blades Accounting For Warping and Three-Dimendional Stress Effects",
	journal = "International Journal for Solids and Structures",
	volume = "31",
	year = 1994,
	pages = "1309--1340",
	author = "Perngjin F. Pai and Ali H. Nayfeh"
}

@ARTICLE{SHI-MCPHEE-HEPPLER-2001,
	title = "A Deformation Field for EulerBernoulli Beams with Applications to Flexible Multibody Dynamics",
	journal = "Multibody System Dynamics",
	volume = "5",
	year = 2001,
	month = "February",
	number = "1",
	pages = "79--104",
	author = "P. Shi and J. McPhee and G. R. Heppler"
}

@ARTICLE{ATILGAN-HODGES-1991,
	author = "Ali R. Atilgan and Dewey H. Hodges",
	title = "Unified Nonlinear Analysis for Nonhomogeneous Anisotropic Beams with Closed Cross Sections",
	journal = AIAAJ,
	volume = "29",
	year = 1991,
	month = "November",
	pages = "1990--1999"
}

@ARTICLE{MERLINI-1995,
	author = "Teodoro Merlini",
	title = "A Variational Formulation for Finite Elasticity with Independent Rotation and {Biot}-Axial Fields",
	journal = "Computational Mechanics",
	volume = "19",
	pages = "153--168",
	year = 1995
}

@BOOK{ODGEN-1984,
	author = "R. W. Odgen",
	year = 1984,
	title = "Non-Linear Elastic Deformations",
	publisher = "Dover Publications, Inc.",
	address = "Mineola, New York"
}

@INPROCEEDINGS{ERF-HYDR-2002,
	author = "Pierangelo Masarati and Paolo Mantegazza and Pierre Abdel Nour and Claudio Monteggia and Reg Raval",
	year = 2002,
	title = "Helicopter Control System Synthesis by Multibody Multidisciplinary Analysis",
	booktitle = "\ensuremath{28^{\mathrm{th}}} European Rotorcraft Forum",
	address = "Bristol, UK",
	month = "17--20 September",
	pages = "18.1--12"
}

@INPROCEEDINGS{ERF-LANDING-2002,
	author = "Stefania Gualdi and Pierangelo Masarati and Marco Morandini and Gian Luca Ghiringhelli",
	year = 2002,
	title = "A Multibody Approach to the Analysis of Helicopter-Terrain Interaction",
	booktitle = "\ensuremath{28^{\mathrm{th}}} European Rotorcraft Forum",
	address = "Bristol, UK",
	month = "17--20 September",
	pages = "72.1--12"
}

@INPROCEEDINGS{ERF-BEAM-2002,
	author = "Pierangelo Masarati and Marco Morandini",
	year = 2002,
	title = "On the Modeling of Rotating Beams for Rotorcraft Blade Analysis",
	booktitle = "\ensuremath{28^{\mathrm{th}}} European Rotorcraft Forum",
	address = "Bristol, UK",
	month = "17--20 September",
	pages = "62.1--11"
}

@BOOK{REDDY-1999,
	title = "Theory and analysis of elastic plates",
	author = "Junuthula Narasimha Reddy",
	address = "Philadelphia",
	publisher = "Taylor \& Francis",
	year = 1999
}

@ARTICLE{CHEN-1990,
	author = "Robert T. N. Chen",
	year = 1990,
	title = "A Survey of Nonuniform Inflow Models for Rotorcraft Flight Dynamics and Control Applications",
	journal = "Vertica",
	volume = "14",
	number = "2",
	pages = "147--184"
}

@TECHREPORT{AGUSTA-HYDR-2002,
	author = "Paolo Mantegazza and Pierangelo Masarati",
	title = "Integration of Hydraulic Servo-Actuators in Rotorcraft Aeroelasticity",
	institution = "{Dipartimento di Ingegneria Aerospaziale, Politecnico di Milano --- AgustaWestland}",
	type = "Report",
	number = "350",
	month = "October",
	year = 2002,
	note = "{Agusta Research Contract Order NM-000/1505}"
}

@ARTICLE{BAUCHAU-SLIDER-2000,
	author = "Bauchau, O. A.",
	title = "On the modeling of prismatic joints in flexible multy-body systems",
	year = 2000,
	pages = "87--105",
	volume = "181",
	journal = "Comput Methods Appl. Mech. Engrg."
}

@INPROCEEDINGS{B-MENGOTTI-BOSCHETTO-GHIRINGHELLI-GUALDI-2001,
	author = "Riccardo Bianco-Mengotti and Mario Boschetto and Gian Luca Ghiringhelli and Stefania Gualdi",
	title = "Multibody Analysis of the Dynamic Behaviour of a Trainer Aircraft Landing Gear",
	year = 2001,
	booktitle = "{XVI Congresso Nazionale AIDAA}",
	month = "24--28 Settembre",
	address = "Palermo",
	pages = "77.1--10"
}

@INPROCEEDINGS{VERLINDEN-KOUROUSSIS-DATOUSSAID-CONTI-2003,
	year = 2003,
	title = "Open Source Symbolic and Numerical Tools for the Simulation of Multibody Systems",
	month = "May 26--27",
	address = "Gent, Belgium",
	author = "Olivier Verlinden and Georges Kouroussis and S\'{e}lim Datoussa{\"{\i}d} and Calogero Conti",
	booktitle = "\ensuremath{6^{\mathrm{th}}} National Congress on Theoretical and Applied Mechanics"
}

@INPROCEEDINGS{RTAI-2000,
	author = "Pierre Cloutier and Paolo Mantegazza and Steve Papacharalambous and Ian Soanes and Stuart Hughes and Karim Yaghmour",
	year = 2000,
	booktitle = "{RTSS 2000} - Real Time Operating Systems Workshop",
	title = "{DIAPM-RTAI} Position Paper, Nov. 2000"
}

@INPROCEEDINGS{NIXON-2003,
	year = 2003,
	title = "Aeroelastic Stability of a Four-Bladed Semi-Articulated Soft-Inplane Tiltrotor Model",
	booktitle = "American Helicopter Society $59^{\rm th}$ Annual Forum",
	month = "May 6--8",
	address = "Phoenix, AX",
	author = "Mark W. Nixon and Chester W. Langston and Jeffrey D. Singleton and David J. Piatak and Raymond G. Kvaternik and Lawrence M. Corso and R. K. Brown"
}

@INPROCEEDINGS{RTAI-2003,
	author = "Lorenzo Dozio and Paolo Mantegazza",
	year = 2003,
	booktitle = "Sixth {IEEE} International Symposium on Object-Oriented Real-Time Distributed Computing {(ISORC)}",
	title = "Real Time Distributed Control Systems Using {RTAI}",
	address = "Hakodate, Hokkaido, Japan",
	month = "May 14--16"
}

@MANUAL{UMARC,
	author = "G. Bir and Indeerit Chopra",
	year = 1991,
	title = "University of Maryland Advanced Rotor Code ({UMARC}) Theory Manual",
	organization = "University of Maryland Center for Rotorcraft Education and Research",
	address = "College Park, MD",
	month = "November"
}

@INPROCEEDINGS{MASARATI-AHS-SPECIALISTS-2004,
	year = 2004,
	title = "An Investigation of Soft-Inplane Tiltrotor Aeromechanics Using Two Multibody Analyses",
	booktitle = "American Helicopter Society 4\ensuremath{^{\mathrm{th}}} Decennial Specialists' Conference on Aeromechanics",
	address = "Fisherman's Wharf, San Francisco, CA",
	month = "January 21--23",
	author = "Pierangelo Masarati and David J. Piatak and Jeffrey D. Singleton and Paolo Mantegazza"
}

@INPROCEEDINGS{MBDYN-OS-2003,
	author = "Pierangelo Masarati and Marco Morandini and Giuseppe Quaranta and Paolo Mantegazza",
	year = 2003,
	title = "Open-Source Multibody Analysis Software",
	booktitle = "Multibody Dynamics 2003, International Conference on Advances in Computational Multibody Dynamics",
	month = "July 1--4",
	address = "Lisboa, Portugal"
}

@INPROCEEDINGS{SLIDER-AIDAA-2003,
	author = "Stefania Gualdi and Marco Morandini and Pierangelo Masarati",
	year = 2003,
	title = "A Deformable Slider Joint for Multibody Applications",
	booktitle = "{XVII Congresso Nazionale AIDAA}",
	month = "September 15--19",
	address = "Rome, Italy",
	note = "http://mbdyn.aero.polimi.it/\~{}masarati/Publications/SliderAIDA A2003.pdf"
}

@BOOK{MODELICA-TILLER-2001,
	author = "Michael Tiller",
	year = 2001,
	title = "Introduction to Physical Modeling with Modelica",
	publisher = "Kluwer Academic Publishers"
}

@ARTICLE{MODELICA-OTTER-ELMQVIST-2000,
	author = "Martin Otter and Hilding Elmqvist",
	title = "Languages, Libraries, Tools, Workshop and EU-Project RealSim",
	year = 2000,
	pages = "3--8",
	month = "December",
	journal = "Simulation News Europe"
}

@ARTICLE{QUARANTA-MASARATI-MANTEGAZZA-2002,
	author = "Giuseppe Quaranta and Pierangelo Masarati and Paolo Mantegazza",
	year = 2002,
	title = "Multibody Analysis of Controlled Aeroelastic Systems on Parallel Computers",
	journal = "Multibody System Dynamics",
	volume = "8",
	number = "1",
	pages = "71--102"
}

@INPROCEEDINGS{QUARANTA-MASARATI-MANTEGAZZA-2003,
	author = "Giuseppe Quaranta and Pierangelo Masarati and Paolo Mantegazza",
	year = 2003,
	title = "Dynamic Characterization and Stability of a Large Size Multibody Tiltrotor Model by POD Analysis",
	booktitle = "{ASME} 19\ensuremath{^{\mathrm{th}}} Biennial Conference on Mechanical Vibration and Noise ({VIB})",
	month = "September 2--6",
	address = "Chicago Il"
}

@INPROCEEDINGS{ROMANO-BERNELLI-MASSARI-2001,
	year = 2001,
	title = "Numerical and Experimental Results on Closed Loop Tracking Control of Flexible Manipulators",
	booktitle = "{XVI Congresso Nazionale AIDAA}",
	month = "24--28 Settembre",
	address = "Palermo",
	author = "Marcello Romano and Franco Bernelli-Zazzera and Mauro Massari"
}

@INPROCEEDINGS{ATTOLICO-MASARATI-2003,
	year = 2003,
	title = "A Multibody User-Space Hard Real-Time Environment for the Simulation of Space Robots",
	booktitle = "Fifth Real-Time Linux Workshop",
	month = "November 9--11",
	address = "Valencia, Spain",
	author = "Michele Attolico and Pierangelo Masarati"
}

@INPROCEEDINGS{NIXON-2001,
	year = 2001,
	title = "A Wind-Tunnel Parametric Investigation of Tiltrotor Whirl-Flutter Stability Boundaries",
	booktitle = "American Helicopter Society $57^{\rm th}$ Annual Forum",
	month = "May 9--11",
	address = "Washington, DC",
	author = "David J. Piatak and Raymond G. Kvaternik and Mark W. Nixon and Chester W. Langston and Jeffrey D. Singleton and Richard L. Bennett and Ross K. Brown"
}

@INPROCEEDINGS{NIXON-SIP-2001,
	year = 2001,
	title = "Aeroelastic Stability Of A Soft-Inplane Gimballed Tiltrotor Model In Hover",
	booktitle = "{AIAA/ASME/ASCE/AHS/ASC} Structures, Structural Dynamics and Materials Conference",
	month = "April 16--19",
	address = "Seattle, WA",
	author = "Mark W. Nixon and Chester W. Langston and Jeffrey D. Singleton and David J. Piatak and Raymond G. Kvaternik Lawrence M. Corso and Ross Brown"
}

@INPROCEEDINGS{OTTER-2003,
	author = "Martin Otter and Hilding Elmqvist and Sven Erik Mattsson",
	year = 2003,
	title = "The New Modelica MultiBody Library",
	booktitle = "3\ensuremath{^{\mathrm{rd}}} International Modelica Conference",
	month = "November 3--4",
	editor = "Peter Fritzson",
	address = "Link\protect{\"{o}}ping, Sweden"
}

@INPROCEEDINGS{BUCHER-DOZIO-2003,
	year = 2003,
	title = "{CACSD} under {RTAI} Linux with {RTAI-LAB}",
	booktitle = "Fifth Real-Time Linux Workshop",
	month = "November 9--11",
	address = "Valencia, Spain",
	author = " Roberto Bucher and Lorenzo Dozio"
}

@TECHREPORT{NASA-TR-3021,
	author = {I.C. Cheeseman and N.E. Bennett},
	title = {The Effect of Ground on a Helicopter Rotor in Forward Flight},
	institution = {NASA},
	type = {TR},
	number = {3021},
	year = {1955}
}

@techreport{AERODYN-UG-2002,
	author = {David J. Laino and A. Craig Hansen},
	title = {User's Guide to the Wind Turbine Aerodynamics Computer Software {AeroDyn}},
	year = {2002},
	note = {Version 12.50},
	institution = {NREL}
}

@article{PENNESTRI-2007-JB,
	journal = {Journal of Biomechanics},
	volume = {40},
	number = {6},
	year = {2007},
	pages = {1350--1361},
	title = {Virtual musculo-skeletal model for the biomechanical analysis of the upper limb},
	author = {E. Pennestr\`{\i} and R. Stefanelli and P. P. Valentini and L. Vita},
	note = {doi:10.1016/j.jbiomech.2006.05.013}
}

@inproceedings{ZANONI-2012-IMSD,
	booktitle = {2nd Joint International Conference on Multibody System Dynamics},
	month = {May 29--June 1},
	year = {2012},
	address = {Stuttgart, Germany},
	editor = {P. Eberhard and P. Ziegler},
	title = {Upper Limb Mechanical Impedance Variability Estimation by Inverse Dynamics and Torque-Less Activation Modes},
	author = {Andrea Zanoni and Pierangelo Masarati and Giuseppe Quaranta}
}

@inproceedings{ZANONI-2012-IMECE,
	author = {A. Zanoni and P. Masarati and G. Quaranta},
	title = {Rotorcraft Pilot Impedance from Biomechanical Model Based on Inverse Dynamics},
	booktitle = {International Mechanical Engineering
		Congress \& Exposition ({IMECE}) 2012},
	address = {Houston, Texas},
	month = {November 9--15},
	year = {2012},
	note = {Paper No.~IMECE2012-87533}
}

@book{NUMERICAL-RECIPES-IN-C,
	title = {Numerical Recipes in {C}},
	author = {William H. Press and Saul A. Teukolsky and William T. Vetterling and Brian P. Flannery},
	edition = {Second},
	publisher = {Cambridge University Press},
	year = {1992}
}

@article{FUMAGALLI-CND-2011,
	author = {A. Fumagalli and P. Masarati and M. Morandini and P. Mantegazza},
	title = {Control Constraint Realization for Multibody Systems},
	journal = JCND,
	month = {January},
	year = {2011},
	volume = {6},
	number = {1},
	pages = {011002 (8 pages)},
        note = {doi:10.1115/1.4002087}
}

@article{MASARATI-INVDYN2,
	author = {Pierangelo Masarati},
	title = {Computed Torque Control of Redundant Manipulators Using General-Purpose Software in Real-Time},
	journal = MUBO,
	year = {in press},
	note = {doi:10.1007/s11044-013-9377-4}
}

@article{MASARATI-TOTALJ,
	journal = MUBO,
	note = {doi:10.1007/s11044-012-9320-0},
	title = {A formulation of kinematic constraints imposed by kinematic pairs using relative pose in vector form},
	author = {Pierangelo Masarati},
	year = {2013},
	volume = {29},
	number = {2},
	pages = {119--137},
	online = {In press, available online 21 June 2012},
	pdf = {masarati_2013_mubo_totalj.pdf}
}

@techreport{DOWELL-1975-PRINCETON-1194,
	author = {E. H. Dowell and J. J. Traybar},
	title = {An experimental study of the nonlinear stiffness of a rotor blade undergoing flap, lag, and twist deformations},
	type = {Aerospace and Mechanical Science Report},
	number = {1194},
	institution = {Princeton University},
	month = {January},
	year = {1975}
}

@techreport{DOWELL-1975-PRINCETON-1257,
	author = {E. H. Dowell and J. J. Traybar},
	title = {An experimental study of the nonlinear stiffness of a rotor blade undergoing flap, lag, and twist deformations},
	type = {Aerospace and Mechanical Science Report},
	number = {1257},
	institution = {Princeton University},
	month = {December},
	year = {1975}
}

@article{FLORES-2011-MUBO,
	author = {P. Flores and M. Machado and M. T. Silva and J. M. Martins},
	title = {On the continuous contact force models for soft materials in multibody dynamics},
	journal = MUBO,
	month = {March},
	year = {2011},
	volume = {25},
	number = {3},
	pages = {357--375},
	note = {{doi:10.1007/s11044-010-9237-4}},
	pdf = {flores-2011-mubo.pdf}
}

@article{HUNT-1975,
	author = {K.~H. Hunt and F.~R.~E. Crossley},
	title = {Coefficient of restitution interpreted as damping in vibroimpact},
 	journal = {Journal of Applied Mechanics, Transactions {ASME}},	
	volume = {42},
	number = {2},
	pages = {440--445},
	year = {1975},
	note = {{doi:10.1115/1.3423596}}
}

@article{LANKARANI-1994-ND,
	author="Lankarani, Hamid M.  and Nikravesh, Parviz E.",
	title="Continuous contact force models for impact analysis in multibody systems",
	journal="Nonlinear Dynamics",
	year="1994",
	volume="5",
	number="2",
	pages="193--207",
	xissn="1573-269X",
	note = {{doi:10.1007/BF00045676}},
	xurl="http://dx.doi.org/10.1007/BF00045676"
}

@article{WITKOWSKI-2009-EAS-ANS,
	author = {Wojciech Witkowski},
	title = {4-Node combined shell element with semi-{EAS}-{ANS} strain interpolations in 6-parameter shell theories with drilling degrees of freedom},
	journal = {Computational Mechanics},
	year = {2009},
	volume = {43},
	number = {2},
	pages = {307--319},
	note = {{doi:10.1007/s00466-008-0307-x}}
}

